2768 5136
753 807 1031 902 nnsrsrro.

402 938 477 1003 Non
499 935 720 1025 negaverimus
741 953 845 1000 nmen
864 933 932 999 fieri
949 936 1110 1023 potuisse,
1135 952 1170 1000 ut
1196 937 1360 1002 interdum

357 1043 466 1107 mallet
483 1057 592 1105 noster
618 1063 690 1103 vera
716 1062 783 1103 esse
814 1063 886 1127 qnae
910 1041 1063 1103 Romanis
1092 1040 1197 1122 laudi,
1221 1064 1320 1129 quam
1347 1067 1382 1131 qt

356 1150 454 1217 Gallis
468 1165 569 1213 erunt.
589 1145 743 1234 Polybius
757 1145 802 1232 (ι)
824 1147 932 1211 Gallos
949 1163 1040 1235 captu
1059 1146 1140 1212 urbe
1158 1170 1294 1212 romono
1307 1170 1384 1213 arn·

357 1273 408 1319 tos
424 1253 465 1318 od
481 1277 538 1318 sua
558 1250 697 1332 tuenda,
715 1252 805 1339 quod
818 1252 933 1315 Veneti
951 1253 1096 1339 ipsorum
1113 1251 1194 1316 lines
1209 1276 1285 1317 cum
1301 1254 1383 1319 inies

355 1361 498 1427 exercitu
520 1359 655 1448 ingressi
679 1371 789 1437 erant,
817 1380 893 1446 poce
910 1381 986 1423 cum
1005 1360 1158 1422 Romanis
1175 1359 1294 1447 quibus
1310 1383 1384 1424 con*

356 1465 501 1530 tionibus
517 1463 650 1527 voluere
669 1463 767 1542 lacta,
792 1462 939 1550 urbeque
957 1460 1082 1527 reddita
1104 1462 1220 1527 abiisse
1241 1487 1343 1530 mem·
1375 1496 1376 1505 ¹

356 1570 465 1636 Livius
478 1568 542 1656 (a),
559 1589 615 1632 eos
631 1590 649 1631 a
664 1567 798 1631 Cumillo
815 1568 916 1632 victos
939 1582 972 1631 et
991 1566 1032 1631 ad
1049 1568 1305 1634 internecionem
1322 1593 1383 1635 cres

355 1699 436 1741 esse.
447 1677 518 1740 Hoc
530 1672 643 1738 fictum
656 1696 725 1737 esse
741 1697 760 1737 a
775 1673 867 1738 Livio
884 1697 981 1738 nemo
997 1696 1093 1738 sonus
1107 1673 1232 1740 dixerit.
1247 1676 1311 1742 Sed
1324 1679 1358 1741 ni

356 1804 447 1863 rum,
466 1801 569 1868 quum
595 1779 715 1867 duplex
736 1779 820 1842 fama
845 1797 943 1860 esset,
963 1797 995 1842 et
1018 1795 1166 1843 auctores
1192 1782 1224 1844 in
1248 1798 1368 1847 utrem

355 1903 481 1979 partem
498 1902 625 1965 essent,
650 1885 804 1973 suspicari
825 1908 902 1950 sane
920 1887 995 1950 lieet
1011 1886 1102 1950 illum
1121 1887 1271 1952 maluisse
1289 1888 1330 1952 ad
1350 1890 1383 1953 ill

356 1993 523 2074 accedere,
537 1993 595 2080 qui
605 1992 730 2055 romani
746 1992 887 2056 nominis
899 1992 986 2056 laudi
997 1992 1156 2056 favebant.
1173 1994 1273 2075 Quod
1286 1995 1384 2083 quid

357 2124 417 2167 nec
437 2115 563 2164 certum
584 2099 677 2186 plane
698 2113 764 2177 est,
788 2113 820 2159 et
839 2098 962 2161 etiamsi
987 2121 1052 2162 non
1077 2099 1336 2187 suspicionibus,
1369 2132 1372 2137 ·

355 2206 553 2298 argumentis
570 2219 745 2283 teneretur,
771 2201 932 2280 ejusmodi
950 2205 1086 2292 peccetis
1105 2221 1189 2270 esset
1205 2228 1348 2271 annume
1371 2242 1374 2261 1

355 2312 452 2395 dum,
475 2334 547 2399 quae
563 2310 704 2372 humana
718 2308 911 2397 plerumque
927 2325 1042 2375 natura
1059 2334 1175 2398 parurn
1192 2328 1291 2376 caven
1312 2313 1358 2376 Ex

354 2441 430 2485 sane
447 2441 513 2482 non
530 2431 616 2480 recte
632 2415 838 2504 colligeretur
853 2417 1053 2503 precipuum
1069 2415 1202 2504 aliquod
1220 2433 1252 2481 et
1268 2418 1382 2507 iniquo

354 2528 387 2589 in
405 2524 512 2591 Gallos
528 2521 650 2588 odium.

399 2630 498 2714 Quod
511 2630 628 2719 legitur
640 2631 674 2692 in
691 2629 898 2717 supposititio
910 2630 1068 2693 Antonini
1080 2631 1251 2694 itinerario
1260 2631 1325 2718 (3),
1339 2634 1381 2696 Fa

353 2739 541 2819 Volturno,
554 2736 621 2801 sive
637 2735 839 2817 Voltumnae,
861 2735 951 2800 urbis
969 2736 1130 2818 Etruscae,
1148 2737 1240 2801 claris
1258 2739 1355 2827 gestis
1371 2741 1380 2802 i

351 2846 468 2911 vidisse
491 2843 633 2922 Livium,
658 2843 688 2906 ei
714 2842 842 2906 crimini
872 2858 985 2906 auctor
1014 2839 1112 2905 fidem
1138 2840 1280 2932 derogat.
1307 2845 1373 2909 Ne·

353 2953 440 3016 enim
457 2965 507 3015 est
525 2949 581 3036 qui
599 2948 726 3038 ignoret
749 2947 896 3035 spurium
920 2967 988 3012 esse
1012 2945 1074 3010 hoc
1091 2969 1196 3035 opus,
1216 2947 1251 3010 in
1275 2972 1343 3037 quo
1362 2951 1383 3014 il

352 3056 534 3123 criminatio
551 3054 720 3142 reperitur,
739 3049 925 3116 mendacem
945 3049 1073 3115 audacis
1097 3052 1269 3117 nebulonis
1292 3055 1362 3120 fetu

351 3165 408 3253 qui
436 3161 569 3227 informi
592 3175 625 3224 et
645 3160 788 3247 perituro
812 3159 958 3247 alioquin
979 3159 1084 3246 partui
1109 3160 1248 3246 speciem
1271 3163 1375 3250 antiq

350 3269 483 3359 originis
500 3264 697 3331 circumdare
715 3265 863 3329 voluerit.

394 3376 443 3439 Ex
467 3374 506 3436 iis
531 3394 602 3459 quse
620 3368 760 3434 diximus
782 3370 858 3434 satis
872 3368 938 3448 jam
959 3392 1113 3457 apparere
1128 3371 1340 3455 urbimur,
1358 3375 1383 3438 L

348 3481 437 3543 rium
451 3475 541 3566 quod
556 3473 781 3540 difficillimum
793 3472 921 3538 ridetur
934 3474 1134 3562 prostitisse,
1150 3492 1187 3539 ut
1201 3477 1242 3540 ab
1255 3476 1384 3543 indecor

348 3586 383 3647 in
404 3583 602 3672 potennorer
621 3579 780 3666 obsequio
800 3578 938 3642 liberum
958 3601 993 3642 se
1008 3579 1237 3669 integrumque
1252 3604 1377 3647 semare

347 3688 405 3754 sed
423 3708 491 3752 nou
509 3685 644 3775 perinde
667 3683 798 3748 firmum
822 3685 920 3748 fuisse
942 3683 1096 3748 adversus
1119 3708 1264 3749 amorem
1280 3703 1384 3775 1patn=

345 3795 439 3874 cujus
468 3791 619 3856 laudibus
646 3788 809 3854 interdum
837 3790 983 3854 servierit
1016 3790 1115 3877 magis
1145 3812 1242 3876 quam
1272 3793 1372 3858 verita

346 3898 442 3964 Unde
458 3897 550 3961 lateri
564 3917 693 3960 necesse
708 3912 771 3977 est,
786 3919 861 3959 eunt
876 3896 1002 3982 eulpam
1018 3896 1264 3974 commeruisse,
1281 3921 1353 3986 que
1373 3932 1376 3954 7

346 4002 571 4068 honestissima
589 3997 721 4087 quidem
741 4023 835 4064 causn
852 3998 1122 4088 proficisceretur,
1137 3999 1194 4065 sed
1214 4003 1342 4092 culpam
1360 4022 1381 4069 t

346 4132 438 4189 men,
452 4109 486 4172 in
513 4130 552 4170 eo
577 4105 708 4193 negotio
730 4126 768 4168 ac
792 4125 945 4183 munere,
964 4105 1016 4168 cui
1038 4104 1106 4169 lraee
1129 4106 1232 4195 prims
1255 4109 1297 4173 sit
1320 4110 1384 4175 diei

379 4333 419 4397 (tl
437 4333 491 4381 lib.
508 4335 556 4379 let
571 4334 601 4379 ll.

378 4442 416 4505 (a)
435 4441 487 4488 tib.
495 4442 527 4500 V,
544 4440 590 4486 sub
601 4438 683 4486 finem.

379 4547 417 4611 (3)
436 4549 509 4594 Voss.
520 4545 550 4592 de
562 4543 656 4591 Histoi.
667 4546 719 4590 Lat.
