2752 5056
524 790 801 859 PRAEFATIO.
1157 787 1197 860 15

124 928 222 1017 igitur
238 923 444 1015 gravissimus
459 920 578 1005 judex,
596 923 666 987 sine
686 921 750 985 ulla
769 921 977 985 cunctatione
992 937 1050 985 aut
1066 920 1198 993 dubita·

125 1034 229 1115 tione,
246 1053 341 1096 causa
356 1029 502 1119 cognita,
515 1028 600 1093 clare
618 1043 812 1116 certumque
826 1028 1021 1117 pronuntiet
1033 1028 1199 1094 Romanos

123 1155 235 1204 contra
252 1139 320 1220 jus,
333 1153 446 1203 contra
462 1135 582 1202 foedera
594 1136 723 1218 fecisse,
741 1134 821 1201 dum
840 1134 1020 1200 Sardiniam
1038 1136 1199 1219 invasere,

123 1246 258 1310 minime
273 1244 421 1332 profecto
438 1242 580 1308 dubium
597 1258 664 1324 est,
684 1242 765 1330 quin
787 1241 917 1323 Livius,
938 1242 966 1305 si
984 1243 1076 1306 aliter
1092 1264 1200 1307 sense·

122 1370 189 1435 rat,
204 1367 261 1416 aut
273 1351 465 1440 scripserat,
490 1374 575 1416 caeco
594 1349 781 1438 inpetriam
798 1368 908 1414 amore
923 1365 1199 1439 proeoccupatusa

121 1483 199 1526 vero
213 1458 419 1524 aberraverit.

166 1567 282 1654 Neque
301 1587 361 1630 nos
382 1565 555 1652 quisquam
574 1579 688 1654 arguat
704 1564 847 1628 severius
870 1585 965 1652 agere
989 1586 1067 1629 cum
1088 1563 1197 1648 Livio,

122 1689 155 1738 et
174 1673 326 1760 aequiore
350 1671 620 1759 interpretatione
645 1692 683 1735 ea
700 1669 747 1733 illi
764 1670 845 1734 vitio
866 1685 1010 1752 vertere,
1034 1690 1107 1758 quae
1132 1672 1198 1736 cle·

122 1778 296 1853 mentiusa
312 1776 458 1866 benigno
478 1775 601 1846 lectore
619 1775 722 1864 arcipi
739 1776 877 1864 possint.
899 1775 1031 1839 Nemini
1045 1776 1199 1841 concedi-

70 1951 72 1955 .
122 1907 215 1967 mus,
227 1900 266 1949 ut
279 1885 402 1964 majore
416 1906 514 1971 quam
530 1905 591 1948 nos
608 1905 722 1947 amore
740 1898 799 1947 aut
812 1880 1027 1946 admiratione
1044 1883 1198 1947 eximium

121 1993 312 2080 scriptorem
330 2006 574 2079 prosequatur:
590 1988 648 2054 sed
665 1989 773 2052 vincat
789 1989 917 2053 veritas.
934 1989 967 2053 si
985 2012 1054 2053 uno
1071 2005 1199 2054 tantum

121 2097 211 2187 apud
233 2120 328 2180 eum,
348 2112 406 2161 aut
429 2094 532 2160 altero
556 2095 590 2158 in
612 2095 687 2159 loco
711 2094 849 2158 obscura
875 2095 983 2182 aliqua
999 2093 1200 2161 delitesceret

122 2203 267 2292 suspicio
286 2200 511 2290 propensioris
530 2200 564 2263 in
585 2198 751 2265 Romanos
769 2201 886 2283 animi,
910 2200 1091 2265 inhumane
1112 2202 1200 2267 face-

120 2326 191 2391 ret,
211 2310 270 2396 qui
287 2308 415 2382 crimen
434 2323 583 2396 urgeret,
601 2329 722 2372 aenon
741 2308 851 2394 potius
868 2330 938 2372 rem
956 2307 1082 2373 mollire
1100 2309 1200 2373 inter·

121 2412 284 2502 pretando
311 2427 496 2478 conaretur.
520 2404 564 2478 Ᾱῑ
587 2414 790 2504 erumpentia
815 2413 964 2502 undique
985 2413 1085 2492 hujus
1107 2415 1199 2478 nimii

120 2518 257 2583 allectus
274 2519 452 2584 certissima
472 2535 663 2608 argumenta
682 2541 743 2584 nec
769 2520 865 2585 nobis
890 2519 951 2608 ipsi
975 2518 1197 2597 dissimulare,

122 2646 183 2690 nec
198 2625 336 2705 caeteris,
353 2646 540 2711 possumus.

164 2728 265 2794 Velut
292 2730 327 2793 in
355 2729 508 2818 Scipione
532 2731 689 2796 Africano
722 2730 890 2795 manifeste
919 2747 1050 2797 tenetur
1076 2734 1196 2801 Livius.

122 2836 220 2901 Hunc
236 2837 323 2902 inter
340 2857 397 2900 eos
412 2856 549 2916 omnes,
565 2857 709 2922 quorum
725 2857 777 2900 res
796 2852 893 2925 gestae
907 2837 941 2900 in
958 2838 998 2902 iis
1014 2840 1071 2931 qui
1089 2862 1199 2929 snper-

121 2957 201 3006 sunt
215 2939 306 3007 libris
324 2957 560 3022 memorantur,
579 2955 692 3005 noster
706 2942 870 3031 praecipua
887 2943 1027 3031 quadarn
1044 2961 1076 3009 et
1092 2945 1197 3010 admi·

121 3046 266 3126 ratione,
286 3060 320 3110 et
340 3045 447 3110 effusa
468 3044 559 3109 velut
584 3045 716 3110 caritate
741 3047 931 3135 complexus
954 3071 1025 3114 esee
1044 3049 1196 3117 videtur:

120 3151 211 3217 unde
229 3152 340 3217 minus
356 3152 477 3217 mirum
494 3167 560 3234 est,
577 3151 668 3239 quod
682 3153 751 3232 ejus
767 3154 871 3217 amori
888 3155 1086 3242 plusculum,
1097 3180 1196 3246 quarn

121 3257 273 3323 concedit
287 3258 424 3339 veritas,
443 3258 578 3346 largitus
602 3258 654 3322 sit.
681 3259 756 3323 Fuit
777 3282 855 3324 sanc
874 3261 983 3349 Scipio
1004 3284 1072 3326 non
1090 3264 1197 3328 solum

121 3365 266 3430 victoriis
294 3365 536 3454 triumphisque
563 3364 685 3446 clarus,
712 3366 771 3431 sed
799 3384 833 3432 et
862 3367 906 3431 ob
934 3370 1076 3458 egregias
1097 3372 1198 3436 animi

122 3470 257 3537 virtutes
275 3471 371 3560 plane
387 3472 551 3555 amabilis,
568 3474 771 3555 comitatem,
795 3472 1069 3555 munificentiam,
1085 3475 1199 3541 mode-

124 3577 294 3643 rationem.
309 3577 400 3660 Quin
421 3594 455 3643 et
477 3579 589 3669 negari
607 3602 675 3644 non
694 3596 804 3670 potest
822 3604 899 3645 eum
922 3581 1120 3669 voluptates,
1140 3584 1198 3648 ubi

124 3705 203 3748 usus
224 3684 409 3772 reipublicae
425 3687 622 3775 postularet,
639 3688 804 3776 aspernari
817 3688 952 3751 solitum
967 3709 1055 3770 etse,
1080 3705 1115 3753 et
1131 3689 1197 3754 ira·

124 3810 202 3855 nare
226 3788 396 3872 libidines,
431 3810 473 3856 ne
499 3793 597 3858 rebus
628 3793 777 3883 gerendis
810 3808 918 3857 essent
950 3793 1196 3882 impedimento.

123 3895 225 3976 Cujus
241 3896 342 3961 animi
358 3897 487 3987 insigne
504 3900 668 3988 specimen
686 3899 805 3981 edidit,
828 3921 932 3987 quum
954 3898 996 3964 ad
1021 3924 1096 3966 eum
1122 3922 1197 3992 post

122 4001 248 4067 Novam
265 4001 494 4091 Carthaginem
514 4022 640 4094 captam
659 4004 832 4070 adductae
848 4005 1003 4071 militibus
1021 4023 1070 4071 est
1086 4009 1196 4075 adulta

122 4107 234 4198 virgo,
258 4109 375 4175 eximia
398 4112 524 4194 forma,
552 4135 650 4201 quam
678 4112 787 4176 statim
811 4113 999 4201 parentibus
1021 4129 1054 4178 et
1076 4137 1199 4204 sponso

121 4214 275 4282 reddidit.
292 4215 357 4281 Sed
371 4218 480 4284 Livius
500 4241 575 4283 enm
593 4220 695 4285 stoica
714 4218 852 4308 quadam
872 4221 1073 4286 continentia
1085 4221 1199 4287 libuli-

120 4340 202 4387 num
218 4323 400 4389 mirabilem
412 4323 543 4390 efficere
552 4325 673 4408 voluit,
694 4348 737 4390 ne
754 4328 826 4416 quis
844 4328 968 4393 scilicet
980 4349 1089 4391 noevus
1104 4350 1196 4417 egre·

121 4429 213 4516 gium
233 4452 354 4520 corpus
376 4429 584 4496 deformaret.
608 4434 722 4520 Itaque
742 4433 799 4498 ubi
820 4435 885 4525 agit
908 4433 948 4499 de
974 4433 1026 4498 illa
1049 4434 1195 4522 captiva,

121 4534 216 4614 cujus
230 4535 330 4598 modo
346 4539 548 4602 mentionem
563 4539 715 4622 fecimus,
731 4539 878 4628 quaedant
892 4540 1028 4621 omittit,
1046 4538 1196 4626 quaedam
