2768 5136
836 842 1121 915 PRAEFATIO.

449 1001 485 1042 ac
506 977 631 1041 cultum
653 977 805 1057 deorum,
824 980 906 1041 circa
927 976 1051 1039 civilem
1074 976 1310 1064 militaremque
1326 978 1384 1055 rei

449 1082 776 1165 administrationem,
796 1085 879 1148 circa
903 1085 1004 1173 regis,
1033 1098 1183 1163 senatus,
1215 1083 1384 1170 populiqu

452 1189 495 1252 ita
511 1188 636 1252 exiliter
658 1203 691 1252 et
709 1189 819 1270 jejune
842 1188 1014 1268 indicatas,
1041 1205 1077 1250 ut
1101 1187 1293 1274 Dionysium
1312 1187 1382 1251 Ha'

452 1315 543 1359 setun
566 1310 678 1383 postea
701 1296 976 1383 Plutarchumque
999 1296 1032 1357 in
1062 1317 1177 1357 manns
1204 1295 1368 1358 sumentib

453 1400 521 1464 fere
537 1402 645 1465 omnia
667 1417 701 1466 et
717 1403 827 1492 ignota
844 1402 1039 1468 occurrant?
1061 1401 1159 1487 Atqui
1177 1400 1325 1488 prolecto
1346 1426 1364 1466 c

454 1505 566 1594 populi
581 1507 730 1589 historia,
746 1531 813 1571 non
830 1530 880 1571 res
900 1523 1027 1571 tanturn
1043 1506 1129 1570 bello
1145 1522 1269 1594 gestas,
1291 1505 1349 1570 sed
1365 1507 1384 1570 l÷

455 1612 630 1700 stitutaque
654 1613 758 1703 gentis
779 1614 1015 1702 complectitur,
1040 1635 1112 1700 quar
1141 1627 1174 1675 et
1196 1610 1366 1676 delectatio

455 1717 550 1801 bent,
569 1735 602 1784 et
631 1718 778 1807 pluribus
808 1742 892 1807 saepe
924 1719 1100 1782 lectoribus
1127 1717 1254 1781 utilitati
1284 1741 1353 1782 esse

456 1839 553 1910 quarn
570 1826 755 1914 proeliorum
770 1826 1044 1913 victoriarumque
1062 1825 1211 1887 narratio.

499 1931 583 1996 Sunt
599 1932 656 2018 qui
674 1932 799 1995 Livium
817 1953 857 1995 eo
879 1933 988 1994 colore
1005 1929 1199 2004 defendant,
1219 1928 1310 2016 quod
1333 1930 1354 1992 il
1383 1965 1384 1982 ι

450 2038 575 2124 quaein
592 2060 632 2101 eo
650 2060 738 2101 nunc
754 2037 966 2124 requirimus,
979 2036 1135 2098 Romanis
1149 2034 1270 2121 quibus
1287 2035 1384 2098 scrib

457 2143 578 2207 tissima
597 2167 666 2208 esse
682 2143 799 2206 sciret:
818 2142 947 2206 Graecos
968 2157 1094 2221 autem,
1118 2163 1221 2227 quum
1235 2141 1302 2204 suis
1318 2141 1384 2229 ign

456 2247 588 2328 herent,
605 2270 735 2312 necesse
750 2246 902 2310 habuisse
916 2263 1033 2309 cuncta
1050 2246 1209 2333 sigillatim
1225 2266 1384 2310 recenser

10 2330 29 2408 Ιἰ
41 2327 118 2447 'alti‘
501 2353 562 2416 Sed
579 2377 618 2417 ex
633 2353 746 2440 priscis
767 2351 827 2416 illis
849 2351 1004 2415 institutis
1024 2351 1124 2414 multe
1147 2372 1224 2414 sane
1242 2366 1366 2415 vetusta

10 2456 117 2552 im⁰f¹⁸
216 2544 219 2548 Ι
456 2473 585 2537 verant,
609 2456 709 2521 multa
737 2457 828 2520 novis
854 2457 979 2545 legibus
1004 2457 1158 2546 abrogata
1176 2471 1345 2521 ,mutatare
1378 2464 1384 2484 “

21 2538 116 2612 l⁰⁰¹⁵v
457 2584 529 2647 quae
547 2561 683 2650 proinde
698 2584 813 2651 parum
835 2579 910 2626 nota
933 2563 1030 2650 vulgo
1050 2564 1204 2626 Romanis
1225 2576 1342 2626 essent.
1360 2563 1376 2625 J

10 2666 33 2706 ῃ
54 2661 119 2708 ¹⁰¹·
455 2667 564 2732 Livius
581 2669 614 2730 in
639 2684 729 2731 tanto
752 2689 850 2756 opere
868 2690 936 2731 non
958 2690 1024 2731 suae
1043 2667 1142 2732 modo
1160 2669 1260 2732 etatis
1275 2668 1366 2732 homi

20 2751 119 2812 muna
456 2786 488 2834 et
508 2787 655 2860 posteros
680 2771 799 2835 intueri
825 2770 981 2852 debebat,
1007 2771 1046 2836 ad
1071 2791 1154 2859 quos
1180 2772 1233 2836 illu
1257 2788 1378 2836 transm

10 2855 119 2974 ἱξθὲἦ·
456 2892 625 2964 poterant,
645 2877 705 2940 nisi
732 2877 892 2941 historicis
913 2877 1121 2943 monimentis
1146 2877 1373 2968 consignarent

10 2983 121 3079 l}¹‘f¹¹¹·
456 3002 540 3068 aegre
568 2983 600 3044 in
631 3005 745 3046 eorum
771 2985 964 3047 sententiam
990 2983 1234 3064 descendimus,
1259 2984 1360 3071 qui-e

10 3066 123 3130 “lhme
456 3087 548 3151 illum
565 3088 760 3176 explicandas
778 3091 973 3177 eloquentiae
994 3090 1152 3178 cupidum
1178 3091 1328 3154 maluisse
1348 3091 1382 3152 in

10 3173 122 3254 ¹⁸³¹l⁰3
458 3193 645 3257 enarrandis
659 3211 812 3281 tanquam
829 3195 930 3259 libero
948 3219 1064 3282 campo
1085 3196 1260 3277 exsrdtare,
1281 3219 1379 3284 quarn

458 3298 658 3384 exponendis
669 3321 744 3363 cum
756 3317 891 3389 angusta
904 3317 936 3364 et
948 3300 1037 3364 arida
1054 3303 1185 3367 materia
1197 3301 1324 3366 luctari·

10 3404 63 3446 ¹¹³⁸
80 3384 121 3447 ab
502 3403 586 3466 Sunt
600 3419 708 3466 tamen
722 3427 794 3490 quae
808 3405 860 3468 ille
872 3406 1001 3469 silentio
1019 3407 1210 3488 tramiserit,
1224 3407 1256 3469 in
1274 3407 1378 3494 quibu

10 3503 47 3569 ¹¹2
65 3505 122 3553 aut
459 3529 528 3570 sese
543 3509 706 3596 aperiebat
715 3510 898 3574 ostentandi
913 3511 1034 3599 ingenii
1043 3512 1186 3576 facultas.
1202 3515 1309 3595 Quam
1322 3512 1384 3576 lus

31 3595 121 3681 ‘1¹¹⁰d
459 3612 641 3680 luculenter
657 3618 886 3681 contentiones
906 3615 947 3680 de
969 3619 1082 3682 Marcii
1104 3620 1268 3683 Coriolani
1288 3619 1377 3697 judie

11 3698 120 3787 ⁰¹7hi⁰
460 3717 545 3806 apud
562 3720 773 3785 Plutarchum
785 3721 850 3808 (ι),
872 3737 941 3786 tum
959 3724 1095 3787 maxime
1111 3723 1198 3812 apud
1215 3723 1373 3810 Dionysio

10 3826 121 3868 ²²³⁸*
460 3825 594 3888 cantur?
614 3826 790 3912 Dionysius
800 3827 848 3914 (a)
869 3827 1000 3914 quidem
1021 3831 1116 3893 etiam
1135 3828 1269 3891 modum
1286 3829 1379 3891 forta

10 3932 35 3972 ’⁰
52 3908 120 3973 (¹¹¹⁰
462 3931 653 3994 narrationis
675 3932 864 4020 egreditur:
890 3933 946 3997 sed
971 3935 1080 3998 Livius
1101 3936 1147 4020 (3)
1177 3937 1210 3997 in
1241 3936 1372 3999 alteram

461 4055 586 4124 peccat,
610 4037 687 4102 dum
710 4062 841 4125 eaquae
864 4040 937 4128 plus
961 4042 1037 4104 satis
1062 4040 1150 4127 apud
1173 4064 1315 4129 graecum
1335 4064 1369 4106 sc

10 4140 117 4244 [wlm-
461 4143 589 4209 dilatata
606 4161 802 4227 occurrunt,
815 4147 884 4234 ipse
899 4149 994 4212 nimis
1009 4149 1043 4211 in
1057 4166 1233 4238 angustum
1251 4152 1359 4238 cogit,

10 4251 116 4294 sonem

12 967 32 1008 e
47 948 129 1033 quid

10 1157 65 1222 bet
76 1182 127 1222 ex·

10 1264 122 1347 ivium,

10 1392 34 1451 t,
64 1370 122 1433 sed

10 1474 118 1556 udicii,

10 1604 48 1644 rm
66 1583 119 1646 ille

10 1710 116 1751 renam

16 1899 115 1963 inter·

10 2005 115 2069 lierni-

10 2160 20 2188 ,
37 2110 115 2176 duas

10 2241 46 2281 em
70 2220 115 2281 vi-

495 4392 534 4456 (ι)
552 4394 616 4440 l‘lnt.
632 4395 656 4438 in
672 4394 775 4441 Marcio.

496 4498 534 4562 (a)
553 4499 626 4545 Dion.
638 4498 681 4544 lib.
695 4499 748 4546 Vll.

497 4601 535 4670 (3)
553 4603 721 4669 nb.11,cap.
735 4605 776 4653 35.
