2752 5056
531 832 808 907 PRAEFATIO.
897 766 913 791 ο
1188 842 1209 915 3

206 1020 321 1095 datto.
337 1023 382 1095 11.
405 1028 488 1118 Quor
504 1044 648 1120 spectant
662 1029 710 1094 ad
723 1031 885 1097 historiam
901 1037 999 1124 operis
1011 1034 1144 1103 Livtont‘.

185 1210 264 1293 Quo
292 1225 440 1298 tempore
467 1209 617 1274 historias
640 1232 715 1274 suas
742 1211 904 1300 scripserit
927 1214 1054 1297 livius,
1081 1239 1120 1281 ex
1140 1218 1212 1309 ipso

136 1327 239 1403 opere
261 1330 404 1403 apparet.
421 1315 575 1379 Testatur
599 1316 668 1403 ipse
695 1316 750 1379 lib.
768 1316 801 1393 Ι,
824 1339 894 1406 cap.
915 1340 972 1405 19,
1001 1320 1050 1384 bis
1075 1325 1212 1388 omnino

138 1438 213 1512 post
228 1421 346 1486 Numae
358 1442 515 1511 regnum,
529 1421 601 1487 Jani
615 1422 773 1511 templum
788 1422 933 1488 clausum
947 1426 1066 1491 finisse:
1081 1430 1212 1510 «semel,

139 1557 151 1583 a
168 1527 294 1617 inquit,
310 1528 350 1592 T.
364 1510 487 1592 Manlio
502 1528 654 1610 consule,
676 1544 752 1616 post
767 1528 929 1594 Punicum
944 1532 1088 1619 primum
1104 1539 1213 1622 persea

138 1666 152 1690 «
167 1652 257 1700 otum
271 1635 394 1700 bellum
408 1658 416 1700 :
437 1637 571 1719 iterum,
593 1634 684 1724 quod
699 1652 817 1700 nostrae
835 1637 920 1701 aetati
936 1637 981 1701 dii
992 1638 1161 1706 'dederunt
1176 1658 1214 1708 ut

139 1741 366 1826 «videremus,
383 1758 458 1833 post
473 1741 595 1807 bellurn
613 1741 800 1824 Actiacum,
819 1740 860 1806 ab
879 1743 1070 1831 imperatore
1088 1750 1214 1813 Caesare

139 1851 332 1938 «Augusto,
353 1870 433 1939 pace
451 1865 536 1914 terra
557 1849 704 1937 marique
726 1862 850 1936 parta».
870 1852 914 1913 At
930 1868 1057 1916 constat
1074 1876 1114 1917 ex
1131 1855 1213 1919 Dio·

139 1975 182 2018 ne
195 1955 259 2042 (ι),
279 1956 397 2043 quinto
415 1971 490 2044 post
507 1977 595 2018 anno
614 1955 735 2018 iterum
752 1954 793 2017 ab
810 1957 961 2044 Augusto
981 1959 1127 2022 clausum
1145 1980 1214 2025 esse

139 2061 211 2125 Jani
230 2062 390 2150 templum
411 2059 547 2125 devictis
564 2059 745 2123 Cantabris.
769 2059 857 2125 Hinc
872 2075 960 2124 recte
976 2062 1160 2152 colligetur,
1176 2081 1214 2130 ut

139 2164 321 2232 observavit
340 2166 477 2230 Vossius
491 2163 555 2251 (2),
575 2162 685 2228 medio
703 2181 851 2255 tempore
866 2165 953 2230 inter
969 2167 1093 2232 bellum
1106 2172 1214 2236 Actia·

138 2294 215 2336 curn
232 2274 432 2361 perfectum,
450 2285 483 2334 et
497 2271 567 2336 Iani
582 2269 684 2334 aedem
696 2270 816 2334 iterum
833 2270 874 2335 ab
887 2275 1039 2362 Augusto
1056 2275 1216 2359 clausam,

138 2379 263 2465 primos
282 2379 421 2442 Livianae
436 2377 580 2442 historias
597 2377 697 2441 libros
716 2377 749 2440 in
767 2377 873 2441 lucem
890 2378 1058 2466 prodiisse.

186 2483 335 2548 Dubitari
360 2507 428 2549 non
445 2501 572 2573 potest,
592 2484 672 2572 quin
692 2484 814 2548 multos
836 2507 940 2562 annos
957 2487 992 2549 in
1014 2487 1214 2555 absolvendo

138 2599 236 2655 tantae
255 2590 349 2654 molis
366 2612 466 2679 opere
480 2590 730 2678 consumpserit.
744 2590 786 2654 Et
798 2612 887 2672 vero,
902 2614 1006 2680 quum
1019 2615 1060 2657 ex
1072 2596 1215 2683 epitome

137 2697 244 2762 ultimi
276 2697 350 2761 Iibri
381 2712 532 2787 appareat
562 2711 775 2760 memoratam
803 2696 904 2762 fuisse
935 2721 975 2762 eo
1004 2699 1089 2764 libro
1115 2702 1214 2766 Drusi

138 2818 297 2886 mortem,
316 2816 389 2892 quar
405 2825 475 2866 uno
496 2819 530 2866 et
548 2802 703 2867 vicesimo
723 2819 799 2891 post
817 2805 988 2869 Actiacum
1008 2806 1214 2895 triumphum

137 2932 225 2974 anno
252 2910 408 3000 contigit,
433 2909 581 2999 sequitur
602 2910 730 2973 Livium
754 2924 829 2973 ante
851 2909 885 2975 id
909 2927 1039 3000 tempus
1065 2914 1214 2978 mutuam

138 3017 205 3081 suis
221 3015 368 3080 historiis
383 3038 518 3080 manum
539 3037 605 3079 non
625 3015 830 3103 imposuisse.

183 3123 277 3206 Quot
295 3123 396 3188 libros
413 3121 540 3187 dederit
555 3122 684 3204 Livius,
701 3122 786 3185 inter
801 3121 916 3186 doctos
932 3122 1118 3214 ambigitur.
1135 3126 1214 3214 Epi·-

138 3246 244 3294 tomns
258 3231 419 3294 librorum
436 3230 521 3294 CXL
534 3227 711 3294 hahemus:
726 3227 784 3293 sed
799 3228 898 3311 duas,
918 3252 1037 3319 nempe
1052 3232 1215 3297 librorum

138 3338 308 3402 CXXXVI
334 3353 367 3402 et
389 3328 575 3402 CXXXVII
600 3336 784 3426 deperditas
807 3336 907 3401 fuisse
931 3338 1100 3403 contendit
1120 3340 1214 3430 Sigo-

139 3443 214 3508 nius
228 3442 285 3532 (3).
306 3444 445 3508 Fuerint
462 3465 540 3532 ergo
558 3442 609 3509 vel
625 3442 709 3508 CXL
731 3442 782 3508 vel
803 3444 919 3508 CXLII
939 3443 1024 3508 Iibri.
1040 3446 1085 3508 Ut
1101 3462 1140 3509 ut
1156 3447 1213 3530 sit,

141 3571 259 3639 magno
274 3549 441 3614 literarum
459 3547 596 3630 damno,
613 3548 673 3613 soli
690 3571 780 3613 nunc
796 3549 943 3638 quinque
960 3566 993 3613 et
1011 3550 1142 3639 triginta
1158 3572 1214 3615 su·

140 3671 298 3742 pereunt:
315 3657 423 3722 caeteri
442 3678 556 3720 omnes
576 3656 745 3738 interiere,
763 3671 820 3720 aut
837 3671 924 3719 certe
941 3655 1045 3743 ignoti
1058 3654 1166 3720 adhuc
1179 3658 1214 3721 in

141 3777 240 3825 nocte
255 3784 292 3825 ac
307 3762 449 3827 tenebris
462 3762 582 3844 jacent.
878 3842 882 3850 ι

186 3867 278 3950 Quiu
297 3867 394 3932 etiam
414 3890 482 3932 non
498 3869 657 3933 universus
675 3867 774 3931 sImuI
796 3865 868 3928 orbi
891 3864 1018 3931 literato
1040 3867 1213 3933 innotuere

141 4080 219 4144 mtJor
233 4079 333 4129 obierIt.
343 4079 419 4128 mtto
430 4089 567 4144 temporum
580 4080 613 4130 ed
626 4097 680 4130 eum
695 4094 742 4129 noe
756 4078 922 4140 coniecturum
933 4078 1065 4129 deduceret
1076 4082 1168 4145 tnagis,
1184 4090 1213 4132 ut

140 4168 321 4234 mpleerenut
338 4167 519 4217 emulationem
536 4169 648 4219 Corumo
666 4169 743 4218 tutae
762 4182 819 4216 eun
835 4168 898 4216 Livii
914 4167 992 4219 nostri
1010 4167 1079 4228 filio,
1099 4181 1124 4218 et
1142 4170 1213 4219 illem

141 4257 313 4322 scriptorem
334 4255 410 4307 Snida
428 4255 596 4321 exscriptum,
614 4271 699 4306 errore
720 4271 772 4306 non
789 4255 919 4316 nasute,
934 4271 962 4305 ea
977 4255 1009 4304 de
1021 4269 1090 4321 putre
1105 4268 1213 4310 nemete

141 4362 197 4411 que
209 4345 241 4394 ed
253 4343 332 4393 fitium
344 4345 516 4411 pertinuerint.

177 4433 217 4499 (t)
234 4435 298 4494 Dio,
308 4433 352 4483 Iib.
363 4436 427 4484 LIII.

178 4521 217 4585 (a)
236 4524 309 4570 Voss.
320 4520 350 4569 de
363 4520 428 4571 IIist.
440 4525 491 4571 Lut.
500 4525 526 4584 1,
539 4524 581 4586 59.

179 4608 217 4673 (3)
234 4608 319 4673 Sigon.
330 4620 383 4659 not.
394 4609 425 4658 ed
438 4611 503 4675 Epit.
514 4606 557 4660 lib.
567 4611 710 4661 CXXXVI.
