2768 5136
13 936 38 983 rt
50 921 223 1010 pullarium

13 1051 29 1090 e
42 1028 222 1098 docuinam

14 1133 68 1199 st?
85 1136 150 1220 Qui
168 1163 219 1202 se·

13 1241 84 1328 guid
105 1243 158 1332 pie
182 1246 214 1308 in

35 1363 167 1424 contra,
187 1352 215 1414 si

15 1466 45 1533 t,
70 1456 212 1540 quantis

12 1554 56 1619 ile
72 1558 213 1624 animad-

12 1681 102 1748 ›pere
123 1662 212 1729 dele·

11 1766 138 1833 iufficiat
153 1772 207 1836 hic

11 1872 152 1958 tbinio,
172 1895 204 1941 et

11 1979 47 2045 cle
69 1986 203 2049 consule

11 2216 26 2258 o
40 2194 200 2278 objecere,

10 2303 200 2383 verentiam,

10 2406 199 2473 riminationi

10 2512 68 2577 lma
86 2515 118 2576 in
133 2515 200 2578 sin·

11 2635 44 2683 et
65 2621 201 2684 omnino

9 2724 113 2789 habita
140 2750 201 2814 pro

25 2852 92 2893 non
111 2854 149 2894 ex
168 2834 200 2895 vi

9 2935 200 3021 etejudicant
223 2968 228 2977 ·

9 3059 128 3122 uorata,
145 3059 200 3105 aut

8 3149 35 3213 is
54 3149 133 3214 locis
148 3150 201 3214 de·

8 3279 14 3317 ι
28 3257 201 3320 enarratio-

8 3382 21 3423 ι
40 3383 76 3423 ra
89 3361 196 3424 hieme

8 3469 76 3533 emel
95 3469 127 3532 in
146 3493 192 3534 re·

8 3569 61 3635 Illa
77 3592 155 3639 sunt
165 3608 188 3638 ν.

12 3678 84 3744 imis
95 3683 190 3746 etiam

7 3786 63 3849 ivis
74 3810 190 3854 aurum

11 3891 189 3958 incredibili

7 4019 15 4059 ι
38 4005 189 4085 supersti-

6 4128 11 4162 e
24 4103 73 4166 his
91 4106 186 4172 rebus

6 4206 56 4270 lib.
69 4209 184 4292 XLIII,

6 4314 182 4405 tegligentia

956 801 1224 874 I’RAEFA'IIO.

561 934 758 1022 «qua'uihil
783 932 862 998 deos
888 931 1084 1022 portendere
1104 933 1202 1022 vulgo
1225 957 1313 999 nunc
1333 959 1352 999 c
1376 967 1384 991 ι

561 1072 574 1097 «
588 1041 729 1106 nuntiari
744 1039 921 1106 admodum
943 1041 1006 1104 ulla
1024 1038 1169 1128 prodigia
1187 1041 1221 1104 in
1240 1043 1374 1130 publicu

561 1147 716 1213 «annales
735 1148 857 1213 referri.
880 1149 1039 1213 Ceterum
1064 1163 1098 1212 et
1123 1147 1203 1211 mihi
1227 1164 1367 1215 vetustas

562 1285 576 1311 ι
588 1255 699 1319 nescio
714 1276 781 1342 quo
795 1271 889 1343 pacto
902 1255 1056 1342 antiquus
1072 1251 1108 1317 lit
1119 1254 1265 1318 anirnus:
1295 1271 1329 1319 et
1343 1278 1365 1344 q

563 1375 655 1440 «est,
672 1382 743 1448 quas
760 1360 805 1424 illi
823 1359 1068 1448 prudentissimi
1086 1360 1146 1423 viri
1170 1358 1296 1447 publice
1317 1383 1333 1424 s
1361 1393 1384 1419 ,ι

564 1467 733 1549 «suerint,
754 1489 791 1531 ea
808 1488 867 1554 pro
884 1465 1025 1556 indignis
1041 1465 1161 1530 babere
1177 1488 1250 1554 quse
1267 1467 1300 1529 in
1320 1489 1384 1531 ma·

563 1570 688 1636 «feram
702 1603 725 1637 ι.
755 1573 802 1637 Ex
828 1572 878 1635 his
902 1571 1049 1660 prolecto
1074 1586 1161 1661 patet
1185 1571 1278 1660 plura
1304 1594 1381 1638 eum

564 1678 628 1743 tius
642 1677 691 1766 (ι)
707 1676 748 1742 de
763 1700 799 1743 se
816 1692 962 1756 testatur,
980 1677 1206 1757 transcribere,
1225 1698 1324 1764 quam
1339 1701 1359 1742 c
1383 1712 1384 1715 ¹

564 1785 764 1873 antiquitatis
780 1785 986 1849 veneratione
1001 1782 1178 1849 adductum
1194 1804 1230 1847 ea
1246 1783 1280 1847 in
1298 1806 1383 1847 anna

563 1890 651 1972 lisse,
668 1913 741 1979 quse
759 1891 818 1955 etsi
837 1890 940 1955 sutilia
960 1911 1029 1953 esse
1046 1889 1254 1978 intelligeret,
1276 1889 1339 1953 illis
1373 1922 1376 1942 τ

565 1997 695 2061 tissimis
718 1996 793 2061 viris
820 1996 1005 2085 gravissima
1028 1994 1094 2058 visa
1116 2016 1202 2074 esse,
1225 2011 1277 2076 et,
1304 2011 1383 2059 tam·

565 2102 644 2184 diis,
663 2103 792 2190 publice
809 2117 957 2188 suscepta
974 2100 1173 2165 meminerat.

611 2209 699 2292 Quin
718 2210 812 2273 etiam
829 2207 909 2272 illud
927 2205 1085 2271 affirmare
1101 2229 1167 2270 non
1183 2205 1362 2272 dubitabim

561 2315 603 2380 ad
621 2315 763 2378 historie
781 2311 899 2394 lidem,
921 2328 959 2375 nt
977 2310 1123 2400 prodigia
1139 2311 1209 2392 illa,
1222 2334 1355 2399 quemn
1374 2348 1377 2367 .

563 2422 654 2485 blicis
677 2419 898 2483 monumentis
919 2415 1035 2481 tradita
1057 2417 1256 2504 reperiebat,
1283 2417 1327 2481 its
1351 2440 1383 2482 a·

562 2525 805 2592 transmitteret.
816 2525 899 2607 Quis
913 2523 1079 2612 negaverit
1089 2522 1232 2587 historie
1245 2523 1359 2605 cujusli

562 2631 779 2721 poenitendam
800 2653 869 2695 esse
887 2646 1012 2719 partem
1029 2650 1101 2692 eam
1119 2651 1192 2716 quse
1212 2627 1253 2693 ad
1275 2629 1343 2708 ejus
1371 2678 1375 2686 ,

562 2738 728 2829 religiosos
746 2751 780 2802 et
799 2735 923 2801 cultim]
941 2732 1087 2797 numinis
1101 2732 1248 2820 spectet?
1264 2733 1372 2815 Quem

559 2848 650 2927 jurat
666 2868 777 2926 nosse,
794 2860 996 2933 quantopere
1013 2858 1140 2905 mentes
1161 2841 1342 2928 priscorum
1362 2865 1384 2905 r¹

563 2975 682 3017 norum
697 2951 874 3016 obcaecaret
889 2947 1022 3029 stolida,
1046 2962 1080 3012 et
1098 2947 1257 3029 multum,
1280 2946 1380 3012 irride

561 3081 602 3122 an
619 3055 784 3135 deflenda,
798 3056 880 3120 circa
896 3053 1003 3118 divina
1021 3053 1207 3141 superstitio
1224 3069 1258 3118 et
1271 3052 1372 3118 credu

561 3163 664 3252 gnitio
680 3177 807 3227 tantum
821 3162 912 3226 abest
927 3177 964 3224 ut
981 3183 1061 3224 verte
1072 3160 1219 3250 religioni
1234 3157 1372 3242 officiat,

562 3291 695 3356 quoque
709 3268 844 3332 nomine
861 3267 975 3356 gratias
992 3269 1062 3331 Deo
1078 3266 1275 3330 immortales
1290 3282 1325 3330 et
1341 3267 1373 3330 lt

563 3373 757 3455 debeamus,
785 3372 876 3462 quod
900 3395 960 3437 nos
985 3372 1147 3437 veteribus
1173 3372 1235 3437 illis
1264 3394 1371 3461 neque

564 3502 672 3568 neque
686 3479 938 3569 ingeniosiores,
960 3501 979 3542 a
996 3494 1063 3543 tsm
1080 3478 1204 3566 supinis
1220 3492 1353 3565 tamque
1382 3524 1384 3534 ·

563 3584 709 3666 roribus,
723 3607 782 3672 per
794 3583 936 3648 divinam
948 3583 1111 3672 Evangelii
1120 3582 1243 3663 lucem,
1256 3582 1377 3647 liberas

564 3690 659 3754 tinuo
673 3690 783 3779 igitur,
801 3689 828 3752 si
846 3689 954 3752 Livius
972 3687 1168 3778 perabsurda
1185 3687 1330 3777 prodigia
1349 3710 1382 3750 m

563 3795 669 3875 davit,
687 3794 719 3859 id
735 3795 765 3859 ei
781 3795 813 3857 in
831 3795 967 3859 crimine
983 3794 1189 3882 ponendum,
1210 3810 1266 3858 aut
1288 3810 1363 3857 notu

565 3899 763 3991 injungenda
778 3916 845 3964 est:
860 3922 898 3964 ac
915 3900 1053 3989 proinde
1067 3901 1149 3964 nihil
1162 3900 1227 3980 jam
1242 3899 1347 3962 obstat
1360 3924 1381 3988 q

564 4009 703 4073 multum
719 4028 864 4070 amemus
880 4003 921 4069 de
938 4029 996 4069 sua
1018 4007 1050 4069 in
1075 4028 1131 4069 eos
1148 4028 1232 4093 quos
1247 4005 1334 4068 solos
1348 4029 1381 4070 c·

565 4114 642 4178 deos
664 4113 791 4200 pietate.
817 4110 959 4173 Multum
986 4133 1064 4200 crgo
1089 4110 1129 4174 ab
1156 4132 1195 4172 eo
1219 4109 1373 4173 absumus

565 4221 701 4309 lllagno,
714 4218 795 4281 acris
810 4217 946 4305 ingenii,
970 4233 1003 4280 et
1019 4216 1136 4280 eruditi
1153 4215 1186 4278 in
1205 4215 1360 4303 religione
1382 4247 1384 4273 t

566 4326 664 4391 studii
683 4322 843 4411 pontifici,
863 4340 926 4387 tam
955 4323 1060 4385 laevam
1085 4322 1183 4384 fuisse
1209 4338 1348 4386 mentem

601 4552 640 4617 (1)
659 4555 727 4601 Curt.
741 4550 784 4598 ub.
799 4552 850 4609 lx,
867 4564 919 4611 esp.
936 4555 959 4600 t.

663 4647 744 4711 XII.
773 4672 821 4710 n„
835 4683 852 4705 ι.
