2752 5056
526 808 823 875 nantario.
1168 830 1206 901 ¹7

150 956 235 1001 «suo
258 935 439 999 ancillulam
467 957 505 998 ex
530 936 596 999 suis
622 951 742 1024 gratam
769 958 859 1015 csse,
884 934 1146 1021 dissimulaverit,
1171 962 1212 1001 nc

151 1071 164 1095 ι
176 1039 370 1105 domitorem
389 1041 477 1105 orbis
492 1040 538 1125 (ι)
556 1041 741 1104 Africanum
759 1042 877 1104 femina
895 1042 1102 1131 impudicitiae
1119 1067 1210 1109 reum

151 1163 286 1237 «ageret
299 1181 321 1211 n.

195 1254 305 1317 Unum
323 1252 430 1318 adhuc
448 1271 601 1319 truncatoe
616 1279 633 1319 a
651 1256 741 1319 Livio
758 1255 1060 1345 ad'gratificandum
1075 1280 1211 1321 romano

153 1358 276 1422 nomini
303 1359 493 1422 narrationis
519 1360 702 1448 exemplum
730 1360 983 1448 subjungemus:
1014 1384 1080 1423 non
1104 1362 1214 1425 crimi-

154 1461 252 1527 nandi
270 1463 450 1553 prurigine,
464 1486 483 1527 a
500 1487 563 1551 qua
583 1465 678 1553 longe
696 1464 866 1545 absumus,
881 1463 937 1528 sed
956 1480 992 1527 ut
1008 1482 1137 1530 nosmet
1152 1467 1214 1529 im·

153 1568 245 1657 petiti
270 1585 391 1639 temere
415 1569 494 1633 tanti
520 1570 579 1632 viri
605 1570 739 1633 crimine
762 1569 984 1653 absolvamus3
1007 1572 1103 1635 simul
1127 1573 1215 1659 quod

155 1698 222 1739 non
241 1675 310 1741 leve
322 1677 487 1765 negotium
504 1677 645 1766 agimus,
660 1694 716 1741 aut
736 1677 769 1740 in
789 1700 855 1764 quo
874 1678 968 1741 nobis
984 1679 1053 1742 sine
1068 1680 1215 1767 plurimis

155 1780 411 1871 firmissimisque
426 1784 624 1872 argumentis
637 1784 687 1847 vel
703 1782 818 1848 debeat
834 1782 940 1865 credi,
956 1784 1005 1847 vel
1021 1785 1131 1873 possit.

200 1887 388 1976 Brachyllae,
405 1889 615 1970 Boeotarchae,
629 1890 694 1953 sive
713 1888 831 1952 summi
847 1890 1031 1952 lloeotorum
1052 1892 1217 1980 magistra·

157 2010 227 2076 tus,
253 2016 340 2058 mors
362 2008 509 2058 narratur
528 2018 546 2058 a
565 1995 674 2076 Livio,
699 1994 752 2057 lib.
775 1994 935 2076 XXXIII,
955 2018 1023 2083 cap.
1046 2018 1085 2082 27
1107 2013 1138 2059 et
1165 1998 1218 2059 28.

156 2098 310 2164 Eamdem
326 2101 542 2165 narrationem
559 2100 645 2187 apud
660 2100 831 2188 Polybium
849 2101 1005 2165 habemus
1022 2102 1056 2163 in
1070 2103 1218 2189 Excerpt.

156 2206 264 2297 Legat.
286 2229 318 2269 n.
342 2206 371 2271 8.
408 2206 495 2269 Bello
523 2204 755 2285 Macedonico,
795 2207 896 2271 Boeoti
924 2207 1107 2271 societatem
1143 2230 1217 2271 cum

158 2310 194 2375 T.
213 2310 352 2393 Quintio
374 2310 594 2396 Romanisque
614 2326 703 2374 metu
722 2310 821 2399 magis
839 2333 935 2397 quam
956 2312 1124 2375 voluntate
1142 2313 1220 2375 inie-

156 2431 239 2479 rant.
257 2416 369 2501 ltaque
386 2414 530 2502 plerique
548 2430 670 2477 veteres
687 2415 790 2477 socios
807 2415 1045 2503 respectabant,
1060 2433 1092 2480 ct
1108 2440 1149 2481 ne
1164 2418 1220 2481 ‹le-

157 2522 244 2586 victo
261 2520 392 2609 quidem
412 2519 452 2583 ad
471 2519 724 2608 Cynoscephalas
743 2518 911 2608 Philippo,
939 2521 1134 2586 destiterunt
1149 2524 1219 2587 Illa·

158 2627 320 2692 cedonum
339 2626 435 2703 rebus
460 2624 599 2690 studere.
619 2627 647 2689 Τ
649 2649 713 2690 une
732 2628 885 2715 temporis
904 2628 1083 2715 Brachyllas
1100 2630 1220 2692 electus

79 2808 84 2815 Ι
159 2749 207 2798 est
222 2731 439 2814 Boeotarches,
462 2755 528 2795 non
545 2733 638 2796 aliam
656 2731 699 2794 ob
719 2754 846 2795 eausam
871 2734 992 2821 magis,
1016 2756 1113 2820 quam
1131 2736 1219 2821 quod

158 2860 321 2928 propenso
340 2838 373 2900 in
388 2837 572 2925 Philippum
587 2837 696 2900 animo
718 2858 786 2900 esse
802 2836 997 2902 crederetur.
1020 2840 1095 2902 Haec
1113 2841 1220 2903 etalio
1293 2912 1296 2918 ¹

160 2944 306 3033 quaedam
323 2942 437 3008 eodem
455 2943 645 3031 pertinentia
664 2965 765 3030 quum
792 2942 1083 3007 animadverterent
1100 2946 1220 3033 princi·

161 3074 216 3139 pes
235 3074 349 3115 eorum
366 3051 421 3138 qui
442 3051 583 3112 romanis
606 3048 750 3137 partibus
772 3047 963 3128 studebant,
986 3052 1171 3138 Zeuxippus
1189 3069 1220 3113 et

161 3159 361 3237 Pisistratus,
384 3174 507 3220 metum
533 3171 707 3243 ceperunt,
731 3178 831 3242 quum
859 3153 899 3218 ad
925 3173 1032 3242 portas
1052 3174 1152 3245 prope
1169 3180 1220 3219 se·

162 3263 258 3329 dente
272 3263 412 3327 exercitu
430 3284 565 3325 romano
579 3284 616 3323 ca
633 3262 761 3343 lierent,
779 3260 933 3347 quidnam
949 3283 984 3324 se
1002 3262 1149 3324 futurum
1171 3285 1220 3323 es·

161 3386 227 3450 set,
244 3368 396 3457 proiectis
417 3367 450 3429 in
471 3367 593 3430 Italiam
609 3364 773 3430 Ilomanis.
795 3368 907 3454 Itaque
920 3382 958 3429 ut
971 3366 1088 3429 timore
1103 3366 1225 3444 injecto.

161 3475 358 3541 adversarios
369 3475 637 3562 comprimerent,
654 3473 849 3561 Brachyllem
867 3473 1009 3537 emedio
1030 3475 1142 3537 tollere
1158 3490 1221 3536 sta·

163 3598 306 3647 tuerunt.
332 3582 509 3667 Hucusque
536 3579 677 3666 perbene
704 3580 788 3642 inter
822 3596 999 3665 utrumque
1032 3584 1220 3665 sumptorem

163 3688 334 3751 convenit:
354 3709 410 3748 seu
429 3687 536 3773 potius
555 3685 704 3749 exscribit
722 3708 795 3747 cnm
814 3685 877 3748 lide
893 3684 1065 3770 Polybium
1081 3684 1199 3747 Livitts.

207 3794 250 3857 At
265 3791 298 3855 id
314 3792 440 3855 reticuit
460 3792 550 3879 quod
574 3790 661 3879 apud
685 3812 823 3878 graecum
845 3789 1034 3851 historicum
1057 3789 1221 3875 sequitur,

165 3900 365 3987 Zeuxippum
384 3914 416 3961 et
434 3898 632 3961 Pisistratum
651 3896 691 3960 de
706 3918 766 3959 suo
786 3895 1011 3957 consiliorum
1029 3895 1067 3956 Τ.
1086 3896 1223 3975 Quintio

165 4005 367 4092 colloquutos
381 4027 468 4084 esse,
483 4004 573 4066 illum
590 4000 793 4090 respondisse
809 4022 877 4062 sese
892 4000 931 4062 ad
948 4000 1010 4063 boc
1027 4001 1148 4064 l'acinus
1165 4002 1223 4064 ad-

163 4110 302 4189 jutorem
319 4109 449 4197 quidem
469 4131 537 4171 esse
553 4108 655 4188 nolle,
674 4123 841 4185 caeterum,
858 4106 882 4167 si
899 4108 970 4192 quis
991 4130 1057 4168 rem
1074 4128 1224 4193 exseque·
1243 4192 1251 4207 ⁶

167 4233 265 4298 retur,
285 4217 362 4279 nihil
385 4216 416 4279 in
437 4239 471 4278 sc
488 4237 585 4279 morae
602 4216 768 4291 futurum,
787 4210 926 4298 denique
945 4212 1075 4290 jussisse
1094 4235 1150 4275 eos
1175 4231 1224 4275 to-

201 4388 239 4451 (t)
257 4392 286 4435 ln
298 4389 328 4434 iis
338 4404 399 4451 quas
410 4386 515 4433 ridImus
525 4384 613 4432 Valeui
623 4386 692 4430 blaa.
703 4383 852 4430 editionibus
861 4384 948 4446 legitur
960 4382 1090 4447 Africani:
1101 4384 1225 4432 mendose.

169 4474 219 4532 nt,
239 4476 259 4523 si
280 4475 406 4522 sictonam
425 4474 455 4521 de
473 4471 598 4522 Antiocho
622 4470 754 4534 respicias,
773 4472 818 4519 erit
838 4471 902 4518 uude
921 4471 1017 4518 dicatur
1034 4470 1102 4517 orbis
1122 4471 1224 4517 domitor

172 4563 302 4626 Scipio—
312 4564 448 4625 Conl.qu1e
458 4572 539 4609 notata
550 4571 606 4607 suut
617 4559 643 4607 in
658 4569 721 4606 nost.
733 4559 792 4606 edit.
807 4570 824 4606 t.
839 4562 864 4617 l,
876 4576 930 4622 pag.
943 4560 1003 4613 tor.
1015 4561 1059 4606 Eo.

271 4652 353 4719 XII.
380 4676 456 4713 rin..
1070 4678 1087 4710 ν.
