2768 5136
763 732 1045 845 inanimo.

367 905 561 984 orationem,
579 926 683 990 quum
693 927 768 969 vera
782 910 936 986 exstaret,
953 903 1046 983 cujus
1059 903 1241 967 etiamnum
1255 905 1380 993 fragme

367 1008 593 1097 habemus(1).
610 1008 674 1074 Sed
691 1011 718 1074 si
734 1033 883 1075 verarum
900 1009 993 1097 copia
1010 1031 1079 1073 non
1090 1010 1150 1090 sit,
1160 1031 1229 1073 non
1241 1009 1336 1074 video
1348 1032 1382 1074 sa

367 1139 427 1180 cur
441 1133 569 1181 vetetur
587 1116 613 1179 is
632 1117 689 1203 qui
706 1116 874 1180 historiam
890 1115 1018 1197 scribit,
1034 1138 1108 1179 suas
1122 1132 1155 1179 et
1166 1115 1207 1179 ad
1220 1116 1378 1181 excolend

367 1223 531 1303 animum,
555 1238 587 1286 et
604 1221 645 1286 ad
662 1223 848 1288 acuendum
864 1222 1034 1311 ingenium
1050 1245 1134 1311 saepe
1156 1223 1343 1311 profuturas
1362 1247 1383 1288 o

367 1329 472 1394 tiones
500 1330 620 1394 osferre
646 1330 774 1408 lectori,
797 1354 901 1419 quum
925 1331 1103 1419 praesertim
1126 1346 1159 1393 et
1183 1331 1217 1392 in
1242 1352 1295 1394 eas
1318 1353 1381 1396 con

366 1435 539 1500 commode
561 1437 688 1524 possint
710 1437 945 1525 sapientissima
966 1434 1116 1524 quaedam
1143 1437 1270 1500 monita
1292 1458 1330 1500 ac
1353 1459 1375 1524 p

366 1557 460 1630 cepta
485 1565 524 1607 ex
546 1544 624 1631 ipsis
646 1545 808 1608 factorum
827 1544 1003 1608 visceribus
1023 1543 1203 1624 nascentia,
1227 1566 1301 1631 quae
1328 1558 1357 1607 ta

366 1650 452 1713 inter
476 1649 675 1714 narrandum
699 1667 840 1715 attexere
863 1651 998 1714 minime
1024 1647 1200 1729 decuerat,
1228 1664 1261 1714 et
1287 1651 1378 1740 inge·

365 1778 494 1836 mores,
512 1756 612 1820 animi
629 1757 753 1822 ducum
766 1781 803 1822 ac
818 1758 1017 1845 populorum
1033 1754 1169 1843 propius
1185 1754 1227 1819 ad
1243 1772 1367 1820 naturae

365 1862 494 1925 ritatem
510 1863 662 1950 exprimi3
679 1880 712 1927 et
728 1886 806 1927 vero
823 1886 927 1927 causae
944 1864 1006 1927 illae
1019 1861 1139 1949 quibus
1154 1860 1313 1935 bellorum
1327 1863 1375 1925 ori

353 1974 399 2030 'et
424 1967 625 2031 celeberrimi
651 1969 774 2056 quique
799 1983 934 2031 eventus
961 1968 1189 2047 continentur,
1213 1981 1311 2053 atque
1338 1969 1381 2030 eti

365 2074 500 2138 consilia
518 2097 558 2138 ex
575 2075 695 2162 quibus
711 2076 794 2136 facta
811 2071 947 2152 fluxere,
971 2073 1104 2137 liberius
1122 2072 1354 2160 copiosiusque

366 2179 455 2242 ctari.
472 2178 525 2243 Ad
542 2180 610 2243 haec
625 2194 675 2241 tot
691 2177 864 2241 commoda
880 2176 960 2241 illud
976 2200 1110 2266 quoque
1126 2178 1267 2259 accedit,
1288 2176 1378 2265 quod

365 2284 481 2349 iisdem
503 2285 592 2347 velut
613 2284 797 2346 inamoenis
820 2283 1017 2372 quibusdam
1038 2284 1252 2365 diverticulis,
1277 2305 1377 2370 perpe

367 2389 552 2451 narratione
569 2388 761 2477 defatigatus
778 2388 943 2453 interdum
956 2390 1085 2454 lectoris
1101 2391 1230 2455 animus
1247 2389 1381 2457 suavissi

366 2494 577 2582 conquiescit.

410 2600 449 2665 ld
467 2615 594 2665 tantum
612 2602 793 2667 cavendum
810 2620 859 2668 est
874 2604 1002 2687 lectori,
1023 2628 1065 2670 ne
1079 2628 1119 2670 ex
1132 2605 1335 2669 orationibus
1350 2603 1382 2667 fa

365 2730 400 2770 se
416 2707 539 2772 sincera
556 2724 589 2773 et
604 2709 792 2798 incorrupta
807 2711 938 2775 haurire
956 2734 1052 2800 posse
1065 2713 1242 2794 existimet,
1259 2711 1378 2800 quaein

366 2814 400 2876 in
415 2815 519 2893 majus
532 2831 642 2898 aucta,
654 2816 705 2879 vel
716 2832 888 2881 extenuata
899 2818 1022 2897 verbis,
1039 2817 1081 2882 ad
1095 2817 1248 2882 invidiam
1260 2817 1384 2907 gratian

365 2919 549 3004 decurtata,
583 2922 752 3012 depravata
781 2926 975 3013 plerumque
1006 2926 1224 3011 reperiuntur.
1261 2923 1373 2989 Oratio

366 3050 434 3092 non
454 3043 619 3116 tamquam
638 3052 677 3094 ex
695 3030 858 3118 scriptoris
875 3054 1015 3119 persona
1033 3033 1134 3119 accipi
1154 3032 1293 3111 debent,
1317 3027 1375 3094 sed

367 3133 454 3215 ejus,
470 3135 617 3222 quisquis
636 3136 689 3199 ille
703 3152 768 3217 est,
782 3159 880 3224 quem
895 3137 1035 3225 scriptor
1050 3139 1240 3225 loquentem
1256 3136 1341 3200 facit.
1359 3134 1375 3197 l

366 3241 544 3303 narrationi
562 3238 658 3304 fidem
668 3290 677 3322 ,
699 3243 901 3306 orationibus
919 3259 1070 3330 praestare
1089 3243 1186 3307 debet
1203 3241 1379 3331 eloquenti

317 3349 319 3353 ’
365 3345 549 3433 Siquando
568 3362 676 3411 tamen
701 3348 762 3411 hac
785 3348 931 3412 libertate
956 3350 1047 3412 abuti
1069 3349 1155 3414 visus
1180 3365 1230 3413 est
1251 3349 1378 3430 Livius,

366 3450 537 3515 observare
553 3452 586 3515 in
605 3454 690 3516 notis
708 3477 776 3517 non
793 3455 1002 3542 negleximus.

407 3557 450 3621 At
466 3558 553 3621 enim
572 3559 629 3645 qui
645 3556 782 3623 directas
807 3560 983 3624 conciones
1006 3561 1097 3648 operi
1118 3582 1179 3624 suo
1196 3561 1363 3638 inserunt,

365 3665 470 3725 storioe
484 3663 631 3744 modum,
656 3664 690 3729 id
709 3666 796 3730 enim
818 3667 999 3731 secundum
1017 3683 1101 3746 erat,
1121 3665 1298 3744 excedunt5
1317 3664 1353 3729 id
1377 3694 1384 3722 ε

364 3769 391 3832 si
405 3785 493 3831 recte
507 3771 712 3857 assequimur
726 3774 921 3837 accusatoris
941 3788 1102 3850 mentem,
1121 3771 1206 3834 ultra
1216 3771 1374 3835 terminos

364 3875 460 3963 gibus
473 3871 647 3962 praefinitos
661 3894 854 3967 evagantur,
878 3901 939 3942 nec
956 3879 1021 3957 jam
1046 3876 1217 3942 historicos
1238 3900 1273 3942 se
1293 3900 1362 3942 esse

363 3980 454 4060 lunt,
475 3978 533 4042 sed
556 3995 710 4044 oratores.
731 3981 769 4046 Id
795 4006 893 4070 quam
918 3982 1149 4047 convenienter
1170 3983 1205 4045 in
1228 3983 1378 4047 Sallustio

364 4084 454 4149 Livio
470 4084 690 4172 reprehendat
705 4089 833 4176 Trogus
852 4088 1027 4175 Pompeius
1042 4086 1106 4175 (2),
1132 4090 1202 4177 ipse
1222 4089 1356 4170 viderit,
1383 4125 1384 4144 i

364 4192 511 4279 obliquas
529 4191 691 4256 orationes
706 4193 848 4257 historiae
867 4217 933 4258 suae
957 4217 1023 4257 non
1048 4195 1251 4260 dubitaverat
1272 4197 1380 4262 intexe

398 4439 439 4504 (t)
456 4443 521 4506 lips.
536 4442 674 4490 Commeat.
688 4444 782 4490 iuTac.

399 4542 437 4610 (a)
454 4547 550 4611 Trogus
563 4544 628 4611 apud
643 4548 734 4596 lustin.
748 4547 792 4596 lib.
807 4549 960 4610 xxxvm,
973 4566 1025 4614 cap.
1040 4553 1063 4598 3.
