2768 5136
419 805 484 873 nn
513 803 859 888 rounnnrnns,
884 815 946 871 etc.
1167 800 1215 899 93

153 935 322 998 unciarum
334 932 446 1022 pondo
458 933 583 1005 decem.
600 934 723 996 Decem¹
735 931 835 1019 igitur
847 931 935 996 libre
948 933 1134 1012 mensoria,
1149 933 1216 996 sire

153 1055 284 1105 centum
297 1057 330 1104 et
338 1040 452 1130 viginti
461 1043 565 1105 unciae
574 1040 743 1105 mensoriae
751 1039 814 1103 olei
822 1057 951 1126 aequant
961 1055 1093 1105 centum
1105 1041 1216 1104 uncias

152 1145 283 1233 pondo:
298 1145 389 1235 quod
396 1147 505 1235 ipsum
519 1163 568 1213 est
578 1147 646 1210 vini
658 1146 776 1235 congio
788 1146 933 1211 contenti
948 1145 1089 1234 pondus.

196 1251 293 1316 Nunc
312 1253 376 1332 jam
399 1252 490 1317 facile
512 1268 561 1317 est
581 1252 738 1315 rationem
761 1251 850 1315 librae
871 1252 1024 1316 Romanae
1044 1251 1156 1339 pondo
1176 1252 1216 1316 ad

152 1359 266 1424 libram
280 1359 491 1424 Par'isiensern
502 1381 709 1449 cognoscere.
719 1359 864 1447 Congius
875 1374 1008 1423 centum
1019 1361 1130 1424 uncias
1137 1382 1219 1448 pon-

153 1465 276 1531 do'vini
292 1466 489 1532 continebat.
504 1465 595 1531 Idem
611 1466 747 1555 congius
765 1489 848 1552 aqua
864 1465 995 1528 fontana
1011 1466 1128 1552 plenus
1145 1464 1218 1530 dili-

151 1572 337 1661 gentissime
357 1594 519 1661 appensus
540 1572 582 1636 ab
610 1572 786 1636 clarissimo
807 1569 965 1649 Auzutio,
988 1570 1140 1636 inventus
1167 1589 1215 1636 est
1233 1571 1236 1576 ’

151 1694 283 1743 centum
298 1693 331 1743 et
341 1694 416 1744 octo
427 1679 539 1743 uncias
552 1678 745 1742 Parisienses
759 1677 849 1741 illius-
857 1691 949 1763 aquae
961 1677 1129 1740 continere
1141 1701 1215 1743 cum
1327 1727 1329 1732 ,

152 1796 293 1873 septem,
305 1800 343 1849 ut
354 1800 488 1866 vocant,
495 1788 625 1873 grossis,
639 1800 672 1848 et
680 1805 786 1872 granis
795 1798 871 1846 octo
885 1804 982 1869 supra
990 1782 1216 1902 'quadraginta

152 1891 237 1956 Hinc
261 1891 367 1955 statim
394 1901 545 1979 apparet'
552 1890 681 1955 unciam
707 1890 885 2012 Romanam
911 1888 1110 1976 graviorem
1118 1889 1217 1954 fuisse

95 2005 115 2026 ³
152 1995 248 2059 uncia
263 1995 445 2060 Parisieusi.
1044 2006 1047 2012 '
1191 2009 1193 2013 ’

193 2099 259 2166 Sed
276 2101 425 2166 observat
446 2099 583 2163 idem
553 2121 603 2161 ιιι
623 2098 831 2178 clarissimus,
850 2119 949 2185 quem
974 2098 1027 2162 bic
1049 2075 1214 2164 auctorem

139 2207 329 2294 sequimur,
345 2205 540 2285 Labarreus,
556 2205 757 2291 aliquantum
773 2227 812 2267 ex
824 2204 880 2268 illo
894 2202 1039 2293 pondere
1055 2204 1145 2293 quod
1161 2204 1217 2271 de-

151 2310 325 2399 prehendit
345 2310 604 2380 accuratissimus
630 2309 787 2379 Auzutius
808 2309 1056 2374 detrabendum
1070 2333 1157 2393 esse,
1178 2329 1217 2376 ut

151 2439 265 2482 verum
284 2417 477 2482 inveniatur.
498 2416 651 2498 Etenim,
664 2417 692 2480 si
710 2428 762 2485 res
782 2416 823 2480 ad
841 2438 1001 2481 summam
1018 2417 1216 2508 diligentiam

152 2524 313 2612 exigatur,
334 2538 367 2588 et
385 2522 492 2587 omnis
512 2545 594 2611 aqua
614 2523 727 2586 vinum
748 2520 893 2615 pondere
915 2541 1063 2611 superat;
1083 2541 1116 2588 et
1133 2547 1215 2612 aqua

151 2626 485 2694 fontaua'flumineam
498 2636 615 2716 aquam
626 2652 635 2709 ;
648 2643 681 2694 et
692 2645 845 2718 praeterea
853 2629 990 2716 congius
1002 2631 1216 2695 Famesianus

151 2735 196 2799 ob
209 2734 341 2799 nimiam
355 2726 547 2800 vetustatem
567 2734 762 2823 quibusdam
781 2735 921 2800 sinuosis
937 2736 1145 2802 amfractibus
1162 2760 1217 2802 ex-

151 2855 297 2921 cavatus,
317 2839 465 2928 capacior
478 2838 544 2919 jam
559 2839 725 2928 aliquanto
744 2842 847 2903 factus
865 2855 930 2919 est,
949 2863 1047 2928 quam
1066 2842 1216 2929 primitus

151 2945 266 3011 fuerat.

196 3051 253 3115 Hae
269 3073 383 3115 omues
397 3073 500 3115 causae
514 3052 548 3115 in
565 3074 670 3115 unum
693 3068 909 3141 congruentes
929 3074 995 3116 non
1016 3053 1171 3115 levem
1141 3076 1216 3116 vrsae

153 3171 230 3220 sunt
246 3157 509 3222 imminutionem
524 3157 698 3244 postulare.
717 3156 831 3244 Itaque
846 3156 927 3220 libra
944 3158 1106 3254 Romana,
1126 3181 1215 3246 quae,

153 3285 179 3326 ιι
171 3263 274 3325 nihil
287 3261 508 3328 discederetur
520 3263 561 3326 ab
575 3262 720 3351 pondere
736 3263 936 3343 Auzutiano‚
949 3246 1033 3327 esset
1046 3264 1215 3328 unciarum

155 3383 337 3432 nostrarum
349 3367 505 3433 tredecim
525 3390 601 3432 cum
619 3368 725 3457 granis
743 3367 806 3449 43,-
817 3390 835 3430 a
851 3366 1038 3433 doctissimo
1055 3370 1216 3434 Labarreo

153 3472 327 3538 estimatur
342 3474 447 3540 ιιιιοίἱι
468 3474 701 3539 Parisiensibus
724 3472 897 3539 duodecim
923 3489 1049 3538 tantum
1072 3498 1148 3538 curn
1165 3499 1216 3539 se·
1266 3510 1267 3514 ,

154 3579 301 3661 muncia,
317 3581 384 3645 sive
406 3580 512 3670 grauis
538 3582 618 3663 2883
641 3581 684 3645 ita
704 3596 741 3668 ut
759 3581 855 3645 uncia
876 3581 1021 3644 Romana
1038 3603 1096 3667 par
1118 3580 1216 3644 fuerit

154 3685 261 3776 granis
272 3685 468 3750 nostratibus
478 3687 559 3767 600,
571 3709 644 3775 quae
659 3684 723 3773 576
731 3687 863 3760 unciam
872 3700 1048 3749 nostratem
1059 3683 1215 3749 efficiunt.

156 3793 261 3878 Atque
277 3789 337 3853 bac
353 3788 563 3855 estimatione
578 3791 726 3856 contenti
744 3791 881 3870 fuimus,
900 3804 938 3852 ut
956 3811 1029 3875 quae
1044 3788 1142 3870 nibil,
1159 3808 1215 3856 aut

128 3892 132 3899 '
154 3917 268 3984 parurn
282 3892 459 3959 admodum
473 3917 492 3958 a
504 3918 583 3960 vero
597 3897 707 3961 abeat.-

198 4001 264 4064 Ut
255 4001 361 4092 igitur
358 3996 509 4089 pondera
520 4001 667 4066 Romana
682 4001 724 4065 ad
737 4000 929 4065 nostratium
945 4021 1092 4064 normam
1107 4002 1215 4091 exige·

154 4123 277 4189 rentur,
291 4108 360 4172 brec
372 4105 509 4170 uobis
479 4129 530 4170 rra
543 4106 707 4203 sequenda
720 4107 792 4171 fuit.

198 4215 309 4279 Unciaa
328 4214 483 4279 Romanae
509 4236 546 4277 ra
571 4234 665 4301 pares
684 4229 763 4276 sunt
781 4212 884 4275 unciis
888 4175 1103 4277 nostratibus
1124 4221 1199 4278 12¹
1181 4240 1215 4298 -3

154 4313 801 4410 crgolimecmauasehabetadbbmm
815 4315 1040 4398 Parisiensem,
1051 4333 1087 4380 ut
1100 4339 1160 4381 ra·
1151 4319 1214 4399 'ad

157 4428 212 4504 ιδ,
233 4428 316 4508 sive,
336 4423 537 4491 adunandas
555 4423 739 4488 fractorum·
757 4444 969 4487 numerorum
992 4422 1159 4512 ambages,
1178 4442 1216 4488 ut

154 4533 194 4598 25
210 4533 252 4598 ad
269 4533 320 4609 32,
