2768 5136
123 766 1178 796 mummnunmummwsmnwnmwtmmmm

266 922 719 1106 orsrnrlrro
767 945 1038 1106 nnnvrs

157 1263 223 1331 nn
247 1264 592 1355 rounnnrnos,
616 1222 854 1359 pecuum,
879 1274 1141 1344 mensurus

301 1483 465 1526 struo
499 1486 724 1530 tonduntur
761 1490 1003 1531 brettonum.

117 1911 273 2010 lmen
290 1956 416 2004 exstant
436 1940 477 2004 de
500 1941 718 2028 ponderibus,
737 1945 892 2030 pecunia,
915 1945 1074 2008 mensuris
1090 1943 1177 2032 apud

115 2047 246 2113 Veteres
259 2047 384 2111 usitatis
397 2046 561 2110 volumina
577 2062 646 2127 :et,
660 2049 715 2135 qui
731 2070 799 2112 rem
813 2049 995 2114 universam
1007 2049 1178 2136 complecti

115 2151 302 2218 disserendo
313 2153 406 2232 velit,
418 2151 590 2216 latissimus
607 2155 637 2217 ei
650 2152 836 2233 subjicietur
851 2154 1044 2244 explicandus
1057 2153 1178 2220 doctri·

114 2282 164 2322 nu
179 2281 322 2349 campus.
340 2258 409 2322 Nos
425 2280 494 2321 eam
511 2252 724 2323 delibabimus
740 2277 886 2343 tantum,
902 2278 934 2325 et
949 2279 1109 2350 quatenus
1125 2260 1177 2324 illa

113 2364 154 2429 ad
167 2363 414 2459 intelligendum
426 2365 551 2429 Livium
566 2367 740 2430 necessaria
755 2384 813 2432 est.

516 2586 562 2650 De
571 2588 770 2674 ponderibus.

159 2793 280 2879 Atque,
299 2810 335 2854 ut
351 2816 369 2854 a
385 2791 583 2880 ponderibus
602 2793 812 2879 incipiamus,
829 2805 927 2877 caput
946 2792 991 2854 rei
1011 2791 1124 2872 totius,
1144 2807 1176 2855 et

113 2898 321 2962 certissimam
334 2899 401 2978 ejus
417 2897 622 2986 expediendae
634 2898 720 2961 viam
735 2897 860 2985 aperuit
871 2898 920 2959 vir
933 2899 1038 2986 magni
1049 2899 1082 2960 in
1097 2897 1175 2961 Phi·

57 3077 61 3083 ,
113 3005 257 3094 losophia
275 3007 436 3086 nominis,
460 3028 521 3069 nec
539 3005 647 3068 minus
666 3000 848 3067 eruditione
867 3003 1034 3091 multiplici
1053 3005 1176 3082 clarus,

112 3110 226 3174 Petrus
244 3109 428 3175 Gassendus
447 3111 505 3197 (r).
532 3110 610 3190 Hic,
633 3132 735 3196 quum
753 3110 942 3197 impetratus
961 3125 1044 3172 esset
1064 3133 1081 3171 a
1103 3108 1176 3171 Pei·

113 3214 218 3280 reskio
236 3215 308 3296 illo,
331 3236 429 3302 quem
448 3237 523 3278 vere
545 3214 721 3277 dixerimus
738 3214 901 3277 literarum
925 3231 957 3278 et
975 3215 1175 3278 literatorum

114 3321 326 3400 nutriculam,
345 3319 497 3382 modulus
510 3318 557 3406 (2)
572 3336 719 3383 accurate
734 3342 901 3407 expressus
915 3341 953 3382 ex
968 3319 1103 3407 congio,
1120 3321 1176 3406 qui

114 3425 211 3490 bodie
224 3427 258 3489 in
274 3425 397 3491 aedibus
414 3424 616 3488 Farnesianis
630 3425 739 3489 Romae
755 3442 944 3506 asservatur,
959 3425 1083 3513 positus
1097 3424 1174 3487 olim

114 3531 146 3593 in
177 3531 336 3618 Capitolio
360 3530 546 3616 Vespasiani
568 3530 785 3617 temporibus,
818 3547 982 3617 tamquam
1012 3531 1116 3593 forma
1143 3547 1175 3593 et

114 3637 275 3723 exemplar
301 3635 448 3697 omnium
473 3636 679 3724 congiorum,
705 3658 773 3699 non
796 3636 956 3699 dubitavit
982 3635 1061 3722 quin
1086 3651 1154 3698 cert

113 3743 337 3828 exploraturus
368 3757 450 3803 esset
480 3742 633 3805 Romame
660 3741 747 3804 librae
774 3741 914 3830 pondus.
946 3741 1059 3822 Quum
1087 3741 1138 3803 cni

113 3861 254 3926 constet,
273 3862 310 3909 ut
325 3846 408 3909 infra
424 3846 585 3926 dicemus,
602 3848 756 3936 congium
772 3847 883 3911 decem
899 3845 1010 3934 pondo
1026 3846 1109 3925 vini,

113 3971 220 4035 aqnae,
241 3948 346 4037 (idern
366 3952 452 4015 enim
477 3954 578 4015 ferme
601 3952 771 4039 utriusque
795 3952 932 4040 liquoris
954 3949 1083 4038 pondus
1103 3973 1113 4014 s

113 4055 228 4137 fuisse,
245 4054 297 4117 bic
313 4054 398 4118 idem
416 4058 568 4144 congius,
583 4058 609 4119 si
626 4057 720 4138 vino,
732 4058 782 4120 rel
798 4080 881 4145 aqua
897 4057 1013 4143 plenus
1029 4055 1113 4144 pond

149 4270 188 4335 (r)
205 4270 324 4320 Gasscnd.
337 4271 368 4319 de
382 4272 431 4320 rita
444 4270 577 4336 Peireskii,
596 4275 639 4322 lib.
651 4277 685 4323 ll.

147 4358 187 4423 (a)
205 4360 278 4406 Hunc
296 4358 423 4406 modulum
442 4377 456 4408 e
475 4362 564 4423 congio
582 4362 725 4409 Farnesisno
743 4377 884 4425 expressum
901 4362 1010 4424 possidet
1024 4361 1061 4408 Bil

113 4444 318 4511 Ssogeuovefiaus
331 4446 438 4496 Parisiis.
