2752 5056
186 836 255 905 318
456 835 666 902 Notium
693 836 974 903 LITERARIA

180 988 236 1027 rar
258 969 358 1025 tertia.
382 962 479 1025 Hune
498 964 614 1051 excipit
637 963 778 1051 Epistola
797 964 957 1026 b'r‘artcisci
973 964 1120 1027 Asulani
1136 964 1190 1029 αι]
1208 966 1259 1031 la.

181 1072 360 1157 baptistam
378 1068 617 1132 Rhamnusium.
640 1071 678 1131 ln
704 1068 768 1131 fine
790 1083 974 1156 sequuntur
991 1070 1140 1151 Errata,
1161 1072 1260 1159 liegi-

180 1190 290 1253 strum,
312 1190 344 1237 et
367 1173 578 1260 subscriptio:
600 1174 736 1237 Venetiis
756 1177 790 1236 in
811 1175 931 1239 redibas
947 1174 1029 1239 Aldi
1047 1190 1081 1239 ct
1108 1174 1259 1241 Andrccr

179 1282 292 1344 Soceri.
310 1280 415 1341 Mense
431 1278 602 1343 Februario
618 1279 784 1343 MDXIX.
798 1280 960 1345 Volumeu
976 1282 1024 1346 111
1038 1282 1254 1349 inscribitur:

179 1387 284 1451 Index
303 1386 437 1449 Decadis
455 1400 588 1473 quarta.
605 1386 781 1465 Subjicitur
796 1386 939 1473 Syllabas
959 1388 1128 1453 Dictorum
1146 1404 1181 1455 et
1202 1390 1256 1453 ln·

179 1497 246 1559 desc
262 1516 364 1557 rerum
381 1491 628 1555 memorabilium
644 1492 704 1577 (ut
721 1492 850 1581 supra).
870 1494 955 1557 Tum
972 1495 1126 1581 sequitur
1145 1516 1253 1559 novus

181 1602 309 1664 titulus:
325 1600 394 1662 Titi
407 1598 486 1661 Libri
499 1598 651 1662 Patavini
661 1600 758 1661 Deras
777 1612 913 1687 quarta,
928 1600 1092 1664 Francisci
1107 1600 1254 1664 Asulani

177 1708 225 1769 orl
235 1707 287 1769 la.
300 1706 475 1791 liaptistam
488 1704 680 1768 Turrianum
689 1705 867 1769 Patricium
881 1708 914 1767 V
912 1728 1088 1770 cremensem
1101 1708 1249 1795 epistola,

180 1834 278 1899 quam
298 1809 462 1895 excipiunt
479 1809 567 1871 Libri
580 1811 621 1873 X
632 1810 731 1887 hujus
748 1809 883 1873 Decadis
897 1811 1005 1896 (utin
1016 1809 1166 1875 editione
1179 1812 1252 1875 Mo·

181 1917 348 2006 guntina),
366 1933 397 1979 et
415 1917 609 2003 Registrum.
631 1918 668 1978 In
686 1915 766 1979 sme:
783 1918 917 1981 Venatiis
931 1920 964 1980 in
979 1918 1103 1981 adibus
1116 1917 1206 1983 Aldi
1220 1930 1250 1983 a

177 2027 318 2089 Andrca’
338 2025 460 2101 Soceri,
474 2046 575 2086 mense
591 2023 760 2087 Novembri
770 2024 917 2087 MDXX.
939 2024 1126 2089 Voluminis
1139 2024 1249 2113 quarti

179 2134 291 2197 titulus
318 2147 379 2195 est:
399 2131 465 2192 Titi
482 2130 562 2193 Livii
583 2131 733 2193 Patavini
750 2131 908 2195 Decadum
929 2122 1097 2218 Epitomm.
1129 2132 1250 2196 Luctits

179 2240 299 2302 Florus.
312 2238 517 2323 Sequuntur:
529 2238 719 2323 Epitomata.
728 2236 809 2301 Iade
818 2237 898 2301 alius
908 2238 1038 2301 titulus:
1047 2238 1167 2303 Lucius
1176 2238 1251 2303 Fla·

179 2368 242 2408 rus.
268 2346 364 2407 Hunc
381 2342 499 2428 exeipit
514 2343 678 2405 lirancisci
696 2344 835 2405 Asularri
854 2343 901 2407 ari
916 2342 1143 2427 Rayrrucndum
1164 2342 1250 2407 Tun

178 2455 304 2514 rianam
320 2451 493 2512 Patricium
513 2450 547 2509 V
542 2472 718 2512 aronensem
733 2450 882 2537 epistola,
899 2466 932 2513 et
950 2449 1053 2536 ipsius
1070 2450 1166 2513 Fieri
1176 2464 1250 2513 tex·

178 2574 239 2620 tus.
255 2556 375 2643 Pagina
392 2555 435 2637 (iq
453 2578 557 2617 novus
576 2556 689 2618 titulus
712 2555 867 2620 occurrit:
895 2554 1021 2641 Polybii
1040 2555 1250 2619 biston'arum

177 2662 250 2725 libri
263 2669 397 2750 quinque
413 2670 446 2723 in
460 2661 611 2724 Latinam
629 2665 767 2725 conversi
778 2661 938 2747 linguam,
958 2662 1097 2726 Nicolao
1115 2663 1250 2727 Porotta

176 2769 348 2852 interprete,
371 2766 557 2828 Versiouem
582 2767 685 2853 ipsam
704 2766 892 2853 praecedunt
917 2767 1082 2829 Francrsci
1104 2766 1251 2831 Aruleni

177 2874 262 2958 epist.
279 2870 324 2932 ml
344 2869 486 2931 lectorem
505 2885 537 2931 rt
552 2870 685 2934 Nicolai
704 2871 825 2935 Pcratti
844 2875 878 2933 in
900 2870 1023 2957 Polrbii
1038 2872 1249 2937 historiarum

177 2978 272 3040 libros
284 2978 470 3063 praetactum
486 2975 533 3038 ad
545 2976 580 3037 L.
596 2977 689 3040 Pont.
707 2976 801 3039 blaa.
826 2978 864 3041 ln
880 2975 943 3041 fine
956 2976 1134 3041 voluminis
1151 3000 1247 3066 sepa·

179 3099 248 3146 rato
266 3082 345 3143 folio
365 3098 466 3143 exstat
485 3082 667 3168 Registrum
685 3098 717 3144 et
735 3082 947 3169 subscriptio:
961 3082 1098 3147 Venetus
1111 3085 1146 3147 in
1162 3084 1248 3147 oedi·

177 3191 231 3253 bus
246 3188 328 3249 Aldi
349 3202 380 3250 ct
401 3189 540 3251 Andreae
561 3188 674 3251 Soceri.
696 3189 804 3254 Mense
826 3190 943 3251 Martio
960 3188 1131 3253 MDXXI.
1144 3190 1249 3253 Volu-

175 3318 251 3359 meu
276 3295 302 3355 V
327 3316 384 3356 seu
404 3292 565 3381 appendix
591 3294 689 3373 hujus
716 3294 877 3357 editionis.
901 3294 1047 3357 Titulus:
1074 3294 1143 3357 Titi
1162 3294 1250 3357 Livii

176 3404 325 3465 Patooim'
337 3399 473 3463 Der-ariis
484 3403 602 3487 quinta
619 3400 694 3462 libri
705 3405 840 3487 quinque
856 3400 869 3485 (
877 3401 944 3463 scil.
961 3400 1015 3463 lib.
1030 3400 1212 3465 XLI-XLV
1222 3400 1246 3487 ).

175 3506 255 3570 inde
269 3521 452 3591 sequuntur
468 3508 637 3592 epitomata
649 3521 680 3568 ct
693 3516 798 3568 textus
813 3506 977 3585 Livianus,
989 3504 1140 3593 Syllabas
1155 3504 1248 3569 Proe·

174 3631 293 3691 rorum,
320 3609 503 3688 Consulum,
532 3626 592 3673 etc.
613 3610 714 3673 iudex
734 3634 861 3689 rerum,
882 3611 1076 3698 Registrum.
1096 3612 1137 3675 ln
1155 3608 1245 3676 fine:

178 3719 315 3780 Veneriis
332 3720 364 3778 in
386 3716 503 3779 aclibus
527 3716 696 3778 Harudum
716 3716 798 3778 Aldi
812 3717 953 3780 Manutii
974 3717 1114 3779 Romani
1126 3732 1160 3781 ct
1173 3720 1247 3781 An·

175 3824 261 3887 drea
278 3821 416 3885 Aselani
429 3821 548 3900 Soceri,
568 3845 668 3884 mense
692 3823 783 3885 Maio
805 3823 916 3885 MDX
911 3823 1040 3887 XXIII.
1062 3823 1244 3887 Raritetcm

175 3929 325 3993 editionis
351 3928 447 4006 hujus
466 3928 646 4014 praestantis
670 3929 832 3992 variorum
855 3929 1077 4011 eruditorum,
1093 3930 1154 4017 qui
1168 3952 1244 3995 eam

174 4056 483 4113 commemoravere,
503 4035 578 4097 satis
596 4034 735 4120 probant
750 4058 891 4118 errores,
904 4058 965 4099 nec
982 4058 1050 4099 non
1066 4036 1246 4101 bibliothe-

177 4162 285 4201 carum
309 4139 466 4227 Catalogi,
484 4138 518 4200 in
539 4138 658 4224 quibus
674 4140 834 4202 rarissime
856 4141 979 4228 integra
1001 4140 1177 4206 invenitur.
1191 4142 1247 4205 Ex

174 4266 271 4330 supra
288 4242 395 4319 dictis,
419 4246 466 4306 uti
484 4267 522 4307 ex
540 4245 692 4332 Cataiogo
714 4245 943 4308 Crevcnnianae
961 4245 1188 4327 Bibliotheca,
1206 4248 1245 4311 in

174 4373 241 4436 quo
257 4347 297 4411 de
316 4349 374 4410 bac
388 4348 463 4413 edit.
479 4373 635 4437 perquam
654 4351 825 4439 diiigenter
841 4350 1017 4425 disseritur,
1031 4350 1140 4415 indice
1154 4354 1244 4419 Dra·

176 4454 433 4530 kenborcbiauo‚
452 4471 484 4516 et
508 4457 632 4518 Ernesti
655 4456 796 4520 editione
819 4456 1023 4521 bibliotheca
1041 4456 1245 4523 Fabricianae

173 4562 290 4649 corrigi
306 4576 443 4647 possunt
459 4560 668 4637 statuamus,
687 4564 868 4644 Fabricius,
890 4564 1037 4643 Delium,
1050 4562 1244 4647 Harwood,
