2768 5136
868 778 1137 850 PRAEFATIO.

469 909 687 975 auderemus?
707 909 746 974 ld
764 933 842 975 sane
857 911 1032 977 tentaverit
1049 907 1279 996 Dujatius(1),'
1291 909 1384 974 hum

469 1041 487 1081 a
503 1018 661 1083 latinitate
677 1019 873 1102 instructus,
894 1002 930 1083 ut
946 1019 1085 1083 Livianae
1101 1016 1257 1083 orationis
1273 1037 1352 1082 cens

470 1138 529 1187 ret.
555 1123 659 1215 Nobis
682 1124 961 1188 consultissimum
985 1123 1115 1188 videtur
1140 1144 1178 1187 ea
1202 1121 1244 1186 de
1265 1145 1301 1187 re
1323 1122 1381 1186 sile

470 1228 616 1317 profecto
633 1231 806 1296 nobiscum
823 1247 982 1322 ageretur,
996 1231 1053 1318 qui
1068 1229 1201 1294 latinam
1218 1228 1363 1319 linguam

470 1358 646 1420 conamur,
668 1338 695 1400 si
711 1339 793 1402 Livii
809 1339 990 1403 orationem
1009 1358 1085 1403 eum
1103 1356 1162 1402 sua
1177 1355 1311 1424 quoque
1327 1336 1370 1404 Pr

471 1440 603 1508 daretur
617 1445 782 1535 effingere.
803 1453 805 1456 ⁴

885 1626 902 1693 s
919 1630 951 1676 n.
968 1624 1110 1694 arefiat„

514 1803 583 1868 Nec
601 1824 679 1868 vero
701 1804 886 1891 eloquentia
909 1820 1038 1868 tantum
1061 1801 1176 1867 claruit
1193 1799 1292 1882 Livii,
1307 1798 1371 1865 'sed

470 1923 503 1971 et
515 1906 611 1990 fides,
626 1930 698 1997 quae
713 1909 817 2000 prima
833 1911 936 1973 virtus
953 1908 993 1973 ab
1009 1906 1219 1972 historiarum
1233 1905 1354 1995 scripto
1379 1937 1384 1965 t

471 2031 535 2082 tur.
552 2017 677 2081 Ausum
700 2039 770 2081 esse
788 2039 864 2081 eum
883 2039 958 2079 vera
974 2015 1070 2079 etiam
1092 2036 1168 2078 cum
1186 2011 1378 2077 offensionis

469 2120 598 2204 dicere,
614 2109 823 2211 veritatisque
838 2121 1068 2186 studiosiorem
1087 2121 1205 2204 fuisse,
1228 2140 1328 2209 quam
1356 2150 1363 2201 2

469 2230 628 2318 perantis,
654 2252 694 2295 ex
714 2253 753 2294 eo
778 2245 867 2318 patet
894 2228 1001 2319 quod,
1025 2229 1185 2293 referente
1205 2228 1320 2294 Tacito
1335 2228 1371 2318 (a

470 2335 666 2425 Pompeium
687 2335 838 2404 laudibus
862 2336 1038 2411 extulerat,
1061 2351 1100 2399 ut
1119 2333 1356 2424 Pompeianum

470 2457 584 2531 gustus
611 2442 795 2531 appellaret.
833 2441 924 2530 Saepe
957 2443 1113 2524 Brutum,
1140 2439 1306 2525 Cassium,
1336 2441 1377 2505 Se

383 2619 386 2625 ⁸
469 2545 655 2627 Afranium,
670 2563 707 2611 ut
722 2545 865 2637 insignes
879 2547 966 2612 viros
980 2548 1213 2612 nominaverat.
1228 2545 1344 2634 Neque
1362 2571 1384 2610 ιι

471 2667 551 2716 teste
566 2651 696 2735 Tacito,
716 2652 864 2717 amicitiae
886 2654 988 2743 ipsius
1013 2676 1090 2718 eum
1114 2657 1265 2743 Augusto
1291 2651 1377 2717 olleo

472 2756 605 2846 quidem
624 2755 741 2823 dubito
761 2775 873 2823 utrum
892 2759 1134 2848 patientissimis
1151 2757 1308 2848 principis
1330 2781 1384 2823 au

471 2862 642 2928 scribentis
658 2862 799 2928 libertati
817 2864 916 2928 fuerit
932 2862 1214 2929 honorificentius.

514 2966 579 3035 Sed
595 2984 628 3032 et
646 2968 681 3032 in
699 2969 737 3033 iis
757 2993 829 3058 quae
846 2969 945 3035 hodie
963 2986 1156 3060 supersunt,
1180 2968 1269 3034 nulla
1286 2991 1370 3059 appa

470 3073 600 3138 tationis
615 3096 691 3165 erga
706 3098 783 3140 eum
801 3076 858 3164 qui
880 3100 992 3140 rerum
1011 3075 1173 3165 potiretur
1189 3075 1342 3165 suspicio.
1371 3080 1384 3106 l

470 3178 589 3243 iterum
612 3179 646 3242 in
665 3180 740 3245 totis
760 3181 907 3270 quinque
924 3198 958 3246 et
978 3182 1111 3272 triginta
1127 3181 1218 3246 libris
1229 3182 1356 3271 August

470 3285 529 3349 lat:
545 3283 603 3349 sed
619 3285 689 3374 ipsa
703 3309 738 3351 re
754 3305 925 3376 poscente,
948 3287 1006 3353 sed
1027 3289 1169 3353 breviter
1191 3305 1225 3353 et
1249 3289 1370 3354 cursim

470 3412 546 3454 cum
563 3389 715 3456 laudibus
727 3408 760 3458 et
769 3394 862 3459 veris.
874 3393 972 3459 Libro
985 3395 1112 3484 primo,
1128 3419 1198 3484 cap.
1214 3416 1268 3481 19,
1286 3412 1375 3484 temp

470 3499 641 3562 occasione
655 3497 747 3582 data,
772 3518 932 3565 memorat
947 3502 988 3566 ab
1002 3524 1042 3567 eo
1059 3502 1205 3568 clausum
1224 3501 1342 3566 fuisse:
1356 3523 1378 3589 q

471 3604 638 3694 Augustus
650 3629 848 3698 magnopere
861 3606 1064 3698 gloriaretur,
1081 3607 1149 3698 ipse
1161 3623 1270 3672 tamen
1285 3628 1355 3670 rem

472 3710 589 3800 tangit,
606 3712 785 3800 gratulatus
799 3729 925 3778 tantum
941 3713 1025 3778 aetati
1041 3737 1106 3777 suae
1125 3735 1230 3777 raram
1245 3710 1363 3775 felicita

472 3840 546 3900 sus,
565 3817 623 3882 ubi
641 3817 683 3881 de
700 3820 811 3907 spoliis
830 3821 948 3909 opimis
968 3822 1060 3886 Cossi
1083 3818 1227 3900 disserit,
1243 3817 1301 3884 lib.
1312 3818 1370 3900 lv,

473 3939 587 3987 testem
614 3922 729 4012 allegat
757 3926 937 4013 Augustum
964 3925 1136 4004 Caesarem,
1165 3919 1354 4013 templorum

472 4029 598 4118 inquit,
620 4028 831 4112 conditorem,
863 4046 923 4096 aut
944 4035 1175 4096 restitutorem:
1205 4030 1296 4119 quod
1323 4052 1379 4119 qu

473 4160 571 4225 quam
588 4160 655 4202 non
675 4135 846 4202 ambitiose
869 4137 994 4202 dictum
1014 4139 1073 4220 sit,
1098 4137 1284 4202 testimonio
1304 4153 1352 4201 est
1376 4137 1383 4150 ⁰

474 4228 612 4333 Augusti
631 4245 798 4308 notissima
816 4266 897 4308 vox:
922 4266 1131 4308 marmoream
1157 4268 1191 4310 se
1212 4244 1384 4331 relinquor

508 4461 545 4525 (1)
565 4458 636 4508 rraes.
655 4463 680 4508 in
699 4462 750 4508 niv.

508 4547 546 4615 (a)
565 4552 629 4598 nnn.
643 4552 686 4612 ιν,
703 4550 745 4606 tt.
