2752 5056
531 808 798 879 ruarmo.
1151 832 1197 901 ας)

136 945 261 1034 Polybii
279 943 412 1008 historia
428 956 622 1031 argumento
636 937 834 1018 versabatur,
851 953 950 1002 totam
967 958 1057 1025 paene
1072 958 1112 1000 ex
1127 939 1197 1002 solo

138 1053 192 1115 illo
208 1067 340 1114 auctore
355 1047 571 1112 contexuisse.
596 1045 674 1125 Ejus
692 1062 800 1108 tamen
820 1067 892 1107 raro
915 1041 1092 1107 admodum
1115 1066 1201 1107 men·

137 1158 260 1220 tionem
278 1156 372 1235 facit,
395 1177 455 1217 nec
480 1175 620 1241 usquam
642 1151 727 1226 fere,
749 1150 809 1214 nisi
827 1151 861 1213 in
880 1150 1013 1215 minutis
1028 1150 1148 1231 rebus,
1167 1167 1200 1213 et

34 1262 40 1273 “’
138 1262 195 1325 ubi
212 1262 337 1325 variant
352 1276 522 1324 auctorum
539 1257 716 1322 sententiae.
740 1255 909 1341 Nusquam
931 1255 1101 1343 profitetur
1118 1248 1152 1319 se
1171 1256 1199 1319 ei

139 1368 296 1455 permulta
310 1366 443 1443 debere,
455 1387 489 1428 se
504 1363 603 1426 libros
619 1361 688 1442 ejus
704 1361 847 1450 integros
862 1376 1005 1441 vertere,
1021 1361 1124 1448 iisque
1140 1384 1200 1449 pro

99 1534 104 1540 .
139 1473 205 1536 suis
221 1473 280 1536 uti.

183 1577 317 1642 Addunt
339 1575 538 1665 quidam,ut
560 1575 639 1637 Livii
664 1595 793 1638 causam
817 1590 972 1652 onerent,
996 1573 1030 1637 id
1053 1575 1201 1638 omnium

141 1683 273 1746 minime
289 1681 461 1746 ferendum
475 1702 565 1762 esse,
583 1679 672 1766 quod
689 1680 746 1742 ubi
764 1678 918 1766 Polybius
936 1680 976 1743 ab
993 1703 1032 1743 eo
1050 1679 1205 1743 honorili-

140 1788 324 1852 centissime
347 1787 544 1875 appellatur,
568 1802 705 1849 vocetur
723 1783 951 1848 tantummodo
965 1784 1012 1871 (1)
1036 1785 1204 1874 haudqua-

140 1919 237 1984 quam
254 1894 442 1984 spernendus
458 1906 590 1971 auctor;
615 1906 647 1954 et
663 1892 738 1954 alibi
753 1889 821 1978 (a),
840 1913 904 1953 nou
926 1892 1058 1955 incertus
1081 1908 1202 1972 auctor,

140 2024 237 2090 quum
253 2003 391 2063 omnium
408 2019 614 2061 romanarum
629 2018 749 2091 rapum,
772 2009 839 2058 tum
849 1996 1010 2082 praecipue
1029 1998 1062 2058 in
1081 1995 1205 2060 Groecia

140 2123 312 2195 gestorum.
336 2104 400 2169 Sed
418 2103 540 2190 optime
559 2124 575 2163 a
595 2100 788 2164 doctissimis
803 2100 880 2163 viris
893 2098 941 2187 (3)
960 2102 1136 2188 repositum
1160 2119 1208 2166 est

144 2214 200 2276 has
217 2212 397 2276 locutiones
413 2208 665 2297 haudquaquam
683 2206 869 2295 spernendus
887 2221 1008 2288 auctor,
1029 2231 1092 2270 non
1107 2212 1208 2272 incer·

144 2335 192 2383 tus
221 2332 350 2396 auctor,
379 2314 602 2404 intelligendas
624 2335 694 2377 esse
718 2322 785 2375 κατὰ
797 2323 931 2393 λιτότητα,
955 2312 989 2376 id
1012 2330 1080 2396 est,
1103 2315 1146 2378 ita
1172 2332 1208 2379 nt

145 2425 217 2511 plus
233 2422 337 2484 multo
353 2420 481 2483 valeant
494 2441 610 2498 sensu,
628 2440 725 2506 quam
741 2434 899 2506 quantum
916 2418 984 2508 ipsa
995 2442 1054 2508 per
1066 2443 1100 2483 se
1112 2422 1208 2485 verba

145 2542 280 2608 sonant3
309 2541 346 2589 ut
371 2523 508 2612 proinde
536 2546 600 2587 noa
628 2523 816 2611 spernendus
844 2535 957 2588 auctor
986 2523 1071 2588 idem
1103 2527 1144 2589 sit
1173 2550 1209 2589 ac

143 2633 346 2720 gravissumus
361 2645 483 2710 auctor,
496 2653 561 2692 mue
575 2631 710 2693 incertus
724 2628 811 2693 idem
825 2651 863 2692 ac
874 2632 1070 2694 certissimus.
1085 2630 1123 2694 Id
1137 2634 1209 2720 qui·

146 2739 219 2803 dem
237 2736 499 2826 frequentissimo
515 2736 714 2824 optimorum
728 2736 923 2823 scriptorum
942 2758 1006 2799 usu
1021 2739 1210 2825 comproba·

147 2861 217 2908 tum
234 2860 300 2907 est:
314 2859 349 2907 et
363 2841 513 2930 perfacile
525 2841 744 2905 consimilium
764 2842 984 2929 exemplorum
1002 2843 1116 2932 ingens
1132 2848 1212 2910 mul·

148 2950 254 3016 titudo
270 2947 310 3013 ad
330 2949 466 3038 legentis
485 2945 650 3011 fastidium
667 2948 721 3010 hic
737 2948 868 3036 congeri
885 2965 1003 3035 posset.
1024 2950 1115 3013 Hanc
1133 2974 1210 3042 ergo

147 3059 369 3124 defensionem
383 3057 523 3119 libenter
534 3055 771 3143 amplectimur,
793 3073 826 3119 et
840 3056 990 3144 cupimus
1007 3057 1123 3146 ingrati
1140 3060 1210 3122 ani·

149 3164 193 3228 mi
207 3162 425 3251 suspicionem
442 3183 461 3223 a
477 3160 567 3224 Livio
585 3176 697 3223 nostro
713 3159 851 3223 amoliri.

192 3268 315 3332 Verum
333 3266 498 3329 enimvero
516 3265 663 3354 pertinax
687 3265 767 3330 illud
789 3264 933 3346 ejusdem
958 3266 999 3332 de
1022 3270 1177 3333 mutuatis
1196 3293 1213 3333 a

149 3373 284 3461 Polybio
298 3370 416 3460 opibus
429 3370 607 3453 silentium,
619 3393 684 3433 non
699 3369 846 3435 videmus
862 3395 958 3458 quam
973 3373 1211 3439 excusationem

150 3478 269 3542 habere
282 3477 391 3566 possit.
406 3478 515 3564 Atque
531 3493 568 3540 ut
583 3474 616 3540 id
632 3477 764 3564 planum
781 3476 955 3558 faciamus,
970 3477 1128 3566 fingamus
1145 3503 1211 3544 non

152 3583 321 3647 maximam
351 3581 534 3670 Polybianae
560 3581 701 3645 historice
733 3598 872 3670 partem,
902 3580 959 3647 sed
989 3599 1090 3647 totam
1121 3608 1212 3669 eam,

152 3705 271 3778 quanta
287 3704 408 3775 quanta
426 3687 509 3769 fuit,
531 3686 739 3752 intercidisse.
755 3687 816 3751 Cui
830 3705 978 3751 nostrum
997 3688 1076 3752 Livii
1097 3692 1213 3780 scripta

153 3794 351 3883 pervolventi
364 3793 488 3856 veniret
504 3794 538 3857 in
558 3809 700 3858 mentem
721 3794 893 3881 suspicari,
911 3817 987 3857 eum
1004 3811 1053 3859 tot
1068 3821 1105 3860 ac
1125 3815 1213 3865 tanta

154 3923 192 3962 ex
208 3896 345 3986 Polybio
370 3899 403 3960 in
425 3921 523 3962 suam.
539 3921 606 3962 rem
629 3900 777 3980 vertisse,
800 3921 860 3962 nec
877 3899 944 3964 fere
960 3901 1138 3990 quidquam
1158 3907 1214 3970 ali·

78 4091 82 4106 ·
154 4004 245 4084 cujus
260 4004 417 4067 momenti
432 4003 465 4066 in
483 4003 568 4068 bello
581 4003 813 4084 Hannibalico,
830 4028 867 4068 ac
888 4007 1048 4096 praecipue
1070 4011 1102 4073 in
1123 4011 1213 4077 bellis

153 4107 306 4173 adversus
331 4129 422 4197 reges
447 4108 652 4196 Philippum,
677 4108 895 4190 Antiochum,
918 4111 1052 4194 Persen,
1077 4115 1213 4197 habere,

188 4349 225 4415 (ι)
244 4349 295 4396 m.
312 4351 406 4408 xxx,
421 4364 474 4413 op.
491 4348 532 4403 4⁵·

190 4452 228 4517 (a)
245 4451 299 4502 Lib.
314 4455 447 4512 XXXIII,
466 4468 520 4517 cap.
539 4467 576 4501 to.

190 4561 228 4625 (3)
246 4560 381 4610 Canobon.
391 4562 423 4609 ad
432 4564 574 4623 Fragmenta
586 4556 674 4623 Polyb.
688 4571 713 4608 et
723 4560 796 4609 Voss.
810 4560 841 4609 de
853 4561 917 4609 Ilist.
927 4561 978 4608 Lat.
