2768 5136
10 958 18 996 ι
43 940 151 1021 stetit,

10 1059 148 1108 tuentur:

12 1152 147 1214 tacuerit

10 1276 15 1291 ·
38 1270 143 1321 tamen

10 1375 143 1450 ›tempe-

24 1486 142 1555 gerunt

10 1594 40 1635 m
59 1573 139 1638 illud

12 1681 135 1744 muium

10 1783 133 1850 lentiam

10 1994 133 2063 amnare

10 2103 131 2168 trimum

19 2209 132 2274 Punici

19 2314 130 2396 baisse,

10 2423 131 2506 potissi·

29 2529 131 2611 poeni·

10 2735 84 2817 imi,
98 2756 130 2802 et

10 2841 127 2920 justam

10 2945 50 3010 de
63 2971 129 3013 nae-

10 3051 125 3118 llorum

10 3157 123 3222 riorem

16 3266 122 3327 tenui·

10 3389 20 3429 ι
45 3390 118 3432 eum

10 3471 116 3553 lebet,

10 3686 114 3752 scesle-

10 3813 110 3874 ιιιοιιι,

10 3920 41 3961 m
58 3923 109 3963 re·

10 4004 107 4091 liquo.

14 4131 106 4198 repo·

10 4238 101 4279 :orem

10 4442 98 4506 tetur,

19 4533 93 4596 satis

912 820 1181 889 PnAErarto.

460 1000 465 1010 ι
507 957 708 1039 verisimilis,
739 975 799 1016 nec
828 950 944 1013 idonea
971 947 1108 1011 videtur.
1139 948 1318 1011 Statuinaus
1346 970 1382 1011 er

510 1086 585 1126 eum
612 1062 812 1153 negligentiae
835 1058 970 1121 crimine
988 1057 1040 1118 vix
1058 1055 1179 1118 absolvi
1197 1077 1306 1142 posse,
1330 1071 1365 1118 tu

510 1170 612 1258 ipsas,
628 1187 699 1234 tum
718 1169 801 1232 circa
819 1167 944 1228 fontem
962 1163 1188 1250 originemque
1204 1184 1335 1243 remam,
1352 1185 1374 1247 q

509 1300 571 1367 gna
588 1277 728 1345 historiae
745 1290 834 1362 parte
854 1271 1053 1334 memoravit.

773 1508 789 1573 s
805 1510 851 1557 lll.
871 1508 951 1557 Livius
972 1505 1033 1554 recti
1047 1501 1191 1564 honestique
1207 1516 1307 1548 amaras.

552 1694 616 1759 Sed
634 1695 769 1758 minime
784 1696 941 1759 miremur
959 1711 1085 1772 umen,
1106 1691 1156 1754 bis
1176 1689 1329 1768 matualis,
1352 1711 1374 1776 q

510 1804 541 1865 in
560 1804 650 1866 [irio
667 1803 868 1882 notavimus,
894 1825 961 1865 non
987 1800 1216 1864 obsolefactam
1239 1796 1338 1858 fuisse
1356 1820 1377 1884 g

509 1909 550 1973 ad
574 1926 730 1999 posteros.
754 1910 882 1973 Etenim
908 1924 1024 1996 praeter
1051 1905 1206 1968 eximium
1233 1899 1314 1965 illud

509 2017 650 2102 quentiae
670 2015 790 2096 decus,
809 2014 850 2078 de
877 2037 944 2101 quo
974 2013 1066 2075 initio
1092 2011 1253 2090 diximus,
1282 2010 1345 2073 hoc
1376 2041 1382 2065 ·

509 2119 599 2209 quod
620 2123 670 2185 vir
692 2121 800 2183 bonus
819 2136 852 2182 et
875 2121 953 2182 recti
978 2117 1171 2202 honestique
1196 2136 1307 2178 amans
1332 2116 1381 2179 Li

510 2226 633 2313 ubique
659 2227 770 2289 virtuti
799 2222 949 2298 laudem,
978 2244 1069 2285 suam
1100 2221 1179 2283 vitio
1210 2219 1318 2284 reddit
1345 2222 1378 2311 ig

511 2355 615 2415 neque
640 2333 761 2396 nudam
783 2354 821 2394 ac
833 2333 976 2412 jejunam
994 2329 1157 2393 dictorum
1177 2330 1383 2417 factorumqu

508 2438 622 2500 seriem
639 2438 839 2526 legentibus,
856 2437 913 2501 sed
929 2438 966 2501 iis
982 2438 1174 2500 instructam
1189 2435 1320 2515 judiciis
1334 2458 1371 2498 ac

510 2564 581 2628 quoe
596 2541 637 2605 ad
650 2564 781 2606 omnem
795 2544 868 2608 vitae
880 2543 1044 2630 officiique
1058 2544 1217 2606 rationem
1229 2543 1355 2631 egregia

509 2645 724 2713 documenta?

552 2756 598 2816 Ac
624 2756 731 2842 primo
757 2754 889 2842 quidem
913 2755 1064 2842 pietatem
1090 2755 1123 2816 in
1151 2754 1286 2816 numina
1307 2774 1380 2841 quae

508 2858 711 2940 colebantur,
728 2877 760 2924 et
778 2860 953 2949 quamdam
971 2860 1135 2949 religionis
1151 2859 1261 2947 patriae
1276 2880 1384 2923 rerer.

508 2985 573 3048 que
595 2965 786 3050 profitetur:
809 2967 936 3047 infelix,
967 2967 1023 3053 qui
1041 2984 1226 3053 temporum
1243 2965 1323 3028 vitio
1340 2981 1373 3028 et

508 3069 647 3155 exempli
662 3071 832 3158 imperiosa
849 3072 918 3160 lege
933 3071 1087 3158 abreptus
1102 3071 1229 3134 futilem
1242 3070 1377 3159 religion

509 3195 569 3259 pro
593 3196 628 3237 re
651 3177 914 3264 amplecteretur;
941 3177 1140 3257 laudandus,
1163 3178 1218 3264 qui
1244 3177 1360 3241 umbra

509 3294 635 3359 tamen,
651 3303 786 3369 seseque
801 3285 940 3347 multum
957 3284 998 3346 ab
1012 3284 1201 3346 insanientis
1220 3284 1382 3373 sapientiae

509 3387 687 3450 temeritate
701 3389 902 3478 sejungeret,
917 3412 989 3476 quae
1003 3390 1123 3453 bellum
1140 3390 1225 3453 falsis
1241 3390 1367 3454 indictu

511 3511 586 3553 vero
603 3493 750 3581 gerebat,
775 3511 808 3557 et
823 3492 902 3557 dum
919 3495 1036 3581 impios
1056 3493 1143 3582 vulgi
1163 3494 1247 3557 circa
1264 3494 1371 3558 divina

510 3616 654 3678 errores,
671 3599 772 3687 ipsam
789 3601 922 3664 tollebat
942 3600 1084 3663 divinam
1101 3601 1182 3679 vim,
1205 3598 1378 3686 eademqu

510 3702 634 3767 ximum
647 3704 778 3784 justitiae
794 3721 826 3769 et
842 3707 1001 3770 societatis
1017 3707 1167 3770 humanae
1184 3705 1351 3769 vinculum
1376 3734 1383 3762 ι

511 3808 700 3898 Sacrilegam
719 3811 820 3892 bauo,
833 3833 906 3899 quae
922 3835 982 3876 suo
997 3835 1065 3876 aevo
1082 3814 1193 3874 Romae
1209 3811 1353 3899 rigebat,

511 3915 689 3988 licentiam,
707 3937 773 3978 non
791 3918 889 3980 semel
903 3917 1062 4004 increpat,
1079 3933 1111 3980 et
1126 3938 1201 3980 cunt
1216 3915 1321 3978 intimi
1339 3914 1383 3980 do

511 4019 608 4117 deflet
620 4021 738 4085 Livius.
755 4024 862 4104 Quam
881 4023 1000 4109 gravis,
1013 4039 1143 4109 quantas
1160 4021 1336 4086 severitatis
1352 4044 1384 4085 ει

513 4129 572 4190 nioe
585 4129 678 4215 plena
693 4145 741 4192 est
756 4129 824 4192 boec
839 4151 912 4215 quae
928 4130 982 4193 lib.
997 4132 1056 4208 111,
1068 4152 1136 4216 cap.
1154 4152 1212 4209 ao,
1225 4130 1367 4192 occurrit

512 4234 684 4323 impietatis
697 4235 904 4324 castigatio?«
918 4234 1074 4298 Nondum
1093 4235 1170 4315 baec,
1181 4258 1253 4322 quae
1267 4258 1356 4300 nunc
1380 4268 1384 4295 t

511 4373 522 4395 ·‹
536 4342 621 4421 lum,
645 4343 836 4431 negligentia
857 4340 955 4405 deum
983 4356 1131 4404 venerat:
1159 4364 1217 4405 nec
1241 4343 1383 4430 iuterpre

512 4450 675 4537 aquisque
700 4447 926 4529 jusjurandum
956 4463 988 4510 et
1015 4447 1098 4535 leges
1125 4464 1213 4536 aptas
1238 4447 1374 4512 faciebat

513 4555 646 4642 «potius
667 4577 771 4617 mores
791 4552 830 4617 ad
851 4578 885 4617 ea
906 4551 1205 4616 accommodabat».
1229 4555 1269 4616 Et
1284 4554 1379 4634 alibi,
