<?xml version="1.0" encoding="UTF-8"?>
<!DOCTYPE html PUBLIC "-//W3C//DTD XHTML 1.0 Transitional//EN"
    "http://www.w3.org/TR/xhtml1/DTD/xhtml1-transitional.dtd">
<html xmlns="http://www.w3.org/1999/xhtml" xml:lang="en" lang="en">
 <head>
  <title>
</title>
<meta http-equiv="Content-Type" content="text/html;charset=utf-8" />
  <meta name='ocr-system' content='tesseract 3.04.00' />
  <meta name='ocr-capabilities' content='ocr_page ocr_carea ocr_par ocr_line ocrx_word'/>
</head>
<body>
  <div class='ocr_page' id='page_1' title='image "./titusliviuspata03freigoog_0014.png"; bbox 0 0 2768 5136; ppageno 0'>
   <div class='ocr_carea' id='block_1_1' title="bbox 10 916 155 1388">
    <p class='ocr_par' dir='ltr' id='par_1_1' title="bbox 10 916 155 1388">
     <span class='ocr_line' id='line_1_1' title="bbox 29 916 155 1004; baseline 0.04 -6"><span class='ocrx_word' id='word_1_1' title='bbox 29 916 155 1004; x_wconf 78' lang='lat' dir='ltr'><strong>Poteris</strong></span> 
     </span>
     <span class='ocr_line' id='line_1_2' title="bbox 10 1048 155 1144; baseline 0.055 -28"><span class='ocrx_word' id='word_1_2' title='bbox 10 1048 28 1116; x_wconf 76' lang='lat' dir='ltr'><strong>ti</strong></span> <span class='ocrx_word' id='word_1_3' title='bbox 45 1049 155 1144; x_wconf 86' lang='lat' dir='ltr'><strong>placet</strong></span> 
     </span>
     <span class='ocr_line' id='line_1_3' title="bbox 10 1195 153 1270; baseline 0.042 -30"><span class='ocrx_word' id='word_1_4' title='bbox 10 1195 61 1262; x_wconf 90' lang='lat' dir='ltr'><strong>m;</strong></span> <span class='ocrx_word' id='word_1_5' title='bbox 85 1201 153 1270; x_wconf 92' lang='lat' dir='ltr'><strong>quo</strong></span> 
     </span>
     <span class='ocr_line' id='line_1_4' title="bbox 10 1297 152 1388; baseline 0.028 -23"><span class='ocrx_word' id='word_1_6' title='bbox 10 1318 67 1388; x_wconf 70' lang='lat' dir='ltr'><strong>qua</strong></span> <span class='ocrx_word' id='word_1_7' title='bbox 86 1297 152 1369; x_wconf 86' lang='lat' dir='ltr'><strong>fide</strong></span> 
     </span>
    </p>
   </div>
   <div class='ocr_carea' id='block_1_2' title="bbox 10 1439 150 1512">
    <p class='ocr_par' dir='ltr' id='par_1_2' title="bbox 10 1439 150 1512">
     <span class='ocr_line' id='line_1_5' title="bbox 10 1439 150 1512; baseline 0.036 -28"><span class='ocrx_word' id='word_1_8' title='bbox 10 1439 150 1512; x_wconf 85' lang='lat' dir='ltr'><strong>anquam</strong></span> 
     </span>
    </p>
   </div>
   <div class='ocr_carea' id='block_1_3' title="bbox 10 1678 148 1980">
    <p class='ocr_par' dir='ltr' id='par_1_3' title="bbox 10 1678 148 1980">
     <span class='ocr_line' id='line_1_6' title="bbox 10 1678 148 1760; baseline 0.051 -31"><span class='ocrx_word' id='word_1_9' title='bbox 10 1678 148 1760; x_wconf 84' lang='lat' dir='ltr'><strong>rumque</strong></span> 
     </span>
     <span class='ocr_line' id='line_1_7' title="bbox 10 1788 144 1857; baseline 0.045 -6"><span class='ocrx_word' id='word_1_10' title='bbox 10 1796 26 1851; x_wconf 91' lang='lat' dir='ltr'><strong>t</strong></span> <span class='ocrx_word' id='word_1_11' title='bbox 49 1788 144 1857; x_wconf 92' lang='lat' dir='ltr'><strong>Butt-</strong></span> 
     </span>
     <span class='ocr_line' id='line_1_8' title="bbox 19 1902 146 1980; baseline 0.039 -5"><span class='ocrx_word' id='word_1_12' title='bbox 19 1902 146 1980; x_wconf 88' lang='lat' dir='ltr'><strong>lumine</strong></span> 
     </span>
    </p>
   </div>
   <div class='ocr_carea' id='block_1_4' title="bbox 28 2032 191 2124">
    <p class='ocr_par' dir='ltr' id='par_1_4' title="bbox 28 2032 191 2124">
     <span class='ocr_line' id='line_1_9' title="bbox 28 2032 191 2124; baseline 0.031 -23"><span class='ocrx_word' id='word_1_13' title='bbox 28 2032 145 2124; x_wconf 87' lang='lat' dir='ltr'><strong>primis</strong></span> <span class='ocrx_word' id='word_1_14' title='bbox 189 2101 191 2105; x_wconf 87' lang='lat'><em>.</em></span> 
     </span>
    </p>
   </div>
   <div class='ocr_carea' id='block_1_5' title="bbox 10 2154 143 2347">
    <p class='ocr_par' dir='ltr' id='par_1_5' title="bbox 10 2154 143 2347">
     <span class='ocr_line' id='line_1_10' title="bbox 10 2154 143 2225; baseline 0.038 -5"><span class='ocrx_word' id='word_1_15' title='bbox 10 2154 143 2225; x_wconf 85' lang='lat' dir='ltr'><strong>stranda</strong></span> 
     </span>
     <span class='ocr_line' id='line_1_11' title="bbox 10 2288 139 2347; baseline 0.031 -4"><span class='ocrx_word' id='word_1_16' title='bbox 10 2299 16 2343; x_wconf 79' lang='lat' dir='ltr'><strong>t</strong></span> <span class='ocrx_word' id='word_1_17' title='bbox 33 2288 139 2347; x_wconf 85' lang='lat' dir='ltr'><strong>trans·</strong></span> 
     </span>
    </p>
   </div>
   <div class='ocr_carea' id='block_1_6' title="bbox 10 2400 140 2590">
    <p class='ocr_par' dir='ltr' id='par_1_6' title="bbox 10 2400 140 2590">
     <span class='ocr_line' id='line_1_12' title="bbox 10 2400 140 2471; baseline 0.031 -4"><span class='ocrx_word' id='word_1_18' title='bbox 10 2400 140 2471; x_wconf 89' lang='lat' dir='ltr'><strong>nomina</strong></span> 
     </span>
     <span class='ocr_line' id='line_1_13' title="bbox 10 2507 139 2590; baseline 0.031 -4"><span class='ocrx_word' id='word_1_19' title='bbox 10 2507 139 2590; x_wconf 89' lang='lat' dir='ltr'><strong>luminis</strong></span> 
     </span>
    </p>
   </div>
   <div class='ocr_carea' id='block_1_7' title="bbox 9 2761 137 3594">
    <p class='ocr_par' dir='ltr' id='par_1_7' title="bbox 9 2761 137 3594">
     <span class='ocr_line' id='line_1_14' title="bbox 10 2761 137 2833; baseline 0.031 -4"><span class='ocrx_word' id='word_1_20' title='bbox 10 2761 33 2833; x_wconf 90' lang='lat' dir='ltr'><strong>is</strong></span> <span class='ocrx_word' id='word_1_21' title='bbox 57 2765 137 2833; x_wconf 85' lang='lat' dir='ltr'><strong>viris</strong></span> 
     </span>
     <span class='ocr_line' id='line_1_15' title="bbox 9 2885 135 2979; baseline 0.032 -28"><span class='ocrx_word' id='word_1_22' title='bbox 9 2885 135 2979; x_wconf 80' lang='lat' dir='ltr'><strong>iprimis</strong></span> 
     </span>
     <span class='ocr_line' id='line_1_16' title="bbox 10 3031 134 3099; baseline 0.065 -25"><span class='ocrx_word' id='word_1_23' title='bbox 10 3031 134 3099; x_wconf 77' lang='lat' dir='ltr'><strong>trram,</strong></span> 
     </span>
     <span class='ocr_line' id='line_1_17' title="bbox 10 3156 132 3221; baseline 0.016 -19"><span class='ocrx_word' id='word_1_24' title='bbox 10 3156 22 3202; x_wconf 81' lang='lat' dir='ltr'><strong>t</strong></span> <span class='ocrx_word' id='word_1_25' title='bbox 38 3158 132 3221; x_wconf 83' lang='lat' dir='ltr'><strong>sum,</strong></span> 
     </span>
     <span class='ocr_line' id='line_1_18' title="bbox 21 3255 130 3349; baseline 0.009 -24"><span class='ocrx_word' id='word_1_26' title='bbox 21 3255 130 3349; x_wconf 87' lang='lat' dir='ltr'><strong>palam</strong></span> 
     </span>
     <span class='ocr_line' id='line_1_19' title="bbox 10 3376 132 3448; baseline 0.025 -3"><span class='ocrx_word' id='word_1_27' title='bbox 10 3376 132 3448; x_wconf 79' lang='lat' dir='ltr'>ditione</span> 
     </span>
     <span class='ocr_line' id='line_1_20' title="bbox 10 3517 129 3594; baseline 0.05 -29"><span class='ocrx_word' id='word_1_28' title='bbox 10 3517 129 3594; x_wconf 81' lang='lat' dir='ltr'><strong>:eptutn</strong></span> 
     </span>
    </p>
   </div>
   <div class='ocr_carea' id='block_1_8' title="bbox 10 3846 127 3940">
    <p class='ocr_par' dir='ltr' id='par_1_8' title="bbox 10 3846 127 3940">
     <span class='ocr_line' id='line_1_21' title="bbox 10 3846 127 3940; baseline -0.009 -26"><span class='ocrx_word' id='word_1_29' title='bbox 10 3846 127 3940; x_wconf 73' lang='lat' dir='ltr'><strong>agustis</strong></span> 
     </span>
    </p>
   </div>
   <div class='ocr_carea' id='block_1_9' title="bbox 0 0 1388 5136">
    <p class='ocr_par' dir='ltr' id='par_1_9' title="bbox 0 0 1388 5136">
     <span class='ocr_line' id='line_1_22' title="bbox 0 0 1388 5136; baseline 0 1"><span class='ocrx_word' id='word_1_30' title='bbox 0 0 1388 5136; x_wconf 95' lang='lat' dir='ltr'><strong> </strong></span> 
     </span>
    </p>
   </div>
   <div class='ocr_carea' id='block_1_10' title="bbox 473 798 1365 828">
    <p class='ocr_par' dir='ltr' id='par_1_10' title="bbox 473 798 1365 828">
     <span class='ocr_line' id='line_1_23' title="bbox 473 798 1365 828; baseline -0.002 -1"><span class='ocrx_word' id='word_1_31' title='bbox 473 806 523 828; x_wconf 63' lang='lat' dir='ltr'><strong>ut</strong></span> <span class='ocrx_word' id='word_1_32' title='bbox 528 798 1365 826; x_wconf 62' lang='lat' dir='ltr'><strong>musustnmmmmmmmmmmmmm</strong></span> 
     </span>
    </p>
   </div>
   <div class='ocr_carea' id='block_1_11' title="bbox 741 1048 1292 1422">
    <p class='ocr_par' dir='ltr' id='par_1_11' title="bbox 741 1048 1292 1422">
     <span class='ocr_line' id='line_1_24' title="bbox 830 1048 1198 1141; baseline -0.014 0"><span class='ocrx_word' id='word_1_33' title='bbox 830 1048 1198 1141; x_wconf 80' lang='lat' dir='ltr'><strong>CREVERII</strong></span> 
     </span>
     <span class='ocr_line' id='line_1_25' title="bbox 741 1296 1292 1422; baseline 0 -5"><span class='ocrx_word' id='word_1_34' title='bbox 741 1298 852 1422; x_wconf 88' lang='lat' dir='ltr'><strong>IN</strong></span> <span class='ocrx_word' id='word_1_35' title='bbox 909 1296 1292 1417; x_wconf 88' lang='lat' dir='ltr'>LIVIUM</span> 
     </span>
    </p>
   </div>
   <div class='ocr_carea' id='block_1_12' title="bbox 843 1572 1190 1655">
    <p class='ocr_par' dir='ltr' id='par_1_12' title="bbox 843 1572 1190 1655">
     <span class='ocr_line' id='line_1_26' title="bbox 843 1572 1190 1655; baseline -0.009 -4"><span class='ocrx_word' id='word_1_36' title='bbox 843 1572 1190 1655; x_wconf 84' lang='lat' dir='ltr'><strong>PRAEFATIO.</strong></span> 
     </span>
    </p>
   </div>
   <div class='ocr_carea' id='block_1_13' title="bbox 765 1824 1270 1860">
    <p class='ocr_par' dir='ltr' id='par_1_13' title="bbox 765 1824 1270 1860">
     <span class='ocr_line' id='line_1_27' title="bbox 765 1824 1270 1860; baseline -0.01 -10"><span class='ocrx_word' id='word_1_37' title='bbox 765 1824 1270 1860; x_wconf 40' lang='lat' dir='ltr'><strong>*ww—...—</strong></span> 
     </span>
    </p>
   </div>
   <div class='ocr_carea' id='block_1_14' title="bbox 481 2035 1380 2261">
    <p class='ocr_par' dir='ltr' id='par_1_14' title="bbox 481 2035 1380 2261">
     <span class='ocr_line' id='line_1_28' title="bbox 482 2035 1380 2136; baseline -0.014 0"><span class='ocrx_word' id='word_1_38' title='bbox 482 2035 582 2136; x_wconf 83' lang='lat' dir='ltr'><strong>Duru</strong></span> <span class='ocrx_word' id='word_1_39' title='bbox 603 2066 683 2130; x_wconf 90' lang='lat' dir='ltr'><strong>huic</strong></span> <span class='ocrx_word' id='word_1_40' title='bbox 708 2087 800 2129; x_wconf 76' lang='lat' dir='ltr'><strong>novar</strong></span> <span class='ocrx_word' id='word_1_41' title='bbox 819 2064 856 2126; x_wconf 90' lang='lat' dir='ltr'><strong>T.</strong></span> <span class='ocrx_word' id='word_1_42' title='bbox 875 2063 955 2124; x_wconf 83' lang='lat' dir='ltr'><strong>Livii</strong></span> <span class='ocrx_word' id='word_1_43' title='bbox 972 2059 1108 2125; x_wconf 90' lang='lat' dir='ltr'><strong>editioni</strong></span> <span class='ocrx_word' id='word_1_44' title='bbox 1126 2058 1322 2124; x_wconf 65' lang='lat' dir='ltr'><strong>adornanda*</strong></span> <span class='ocrx_word' id='word_1_45' title='bbox 1342 2059 1380 2124; x_wconf 88' lang='lat' dir='ltr'><strong>da</strong></span> 
     </span>
     <span class='ocr_line' id='line_1_29' title="bbox 481 2166 1380 2261; baseline -0.008 -23"><span class='ocrx_word' id='word_1_46' title='bbox 481 2196 569 2255; x_wconf 87' lang='lat' dir='ltr'><strong>ram,</strong></span> <span class='ocrx_word' id='word_1_47' title='bbox 592 2172 739 2261; x_wconf 88' lang='lat' dir='ltr'><strong>quaedam</strong></span> <span class='ocrx_word' id='word_1_48' title='bbox 761 2169 856 2232; x_wconf 92' lang='lat' dir='ltr'><strong>nobis</strong></span> <span class='ocrx_word' id='word_1_49' title='bbox 876 2169 961 2231; x_wconf 91' lang='lat' dir='ltr'><strong>iuter</strong></span> <span class='ocrx_word' id='word_1_50' title='bbox 979 2166 1155 2257; x_wconf 81' lang='lat' dir='ltr'><strong>legendum</strong></span> <span class='ocrx_word' id='word_1_51' title='bbox 1179 2167 1308 2231; x_wconf 87' lang='lat' dir='ltr'><strong>subiere</strong></span> <span class='ocrx_word' id='word_1_52' title='bbox 1327 2190 1380 2231; x_wconf 90' lang='lat' dir='ltr'><strong>me</strong></span> 
     </span>
    </p>
   </div>
   <div class='ocr_carea' id='block_1_15' title="bbox 379 2273 1377 2472">
    <p class='ocr_par' dir='ltr' id='par_1_15' title="bbox 379 2273 1377 2472">
     <span class='ocr_line' id='line_1_30' title="bbox 379 2273 1374 2364; baseline -0.007 -19"><span class='ocrx_word' id='word_1_53' title='bbox 379 2302 383 2309; x_wconf 86' lang='lat'><em>·</em></span> <span class='ocrx_word' id='word_1_54' title='bbox 482 2277 525 2344; x_wconf 50' lang='lat' dir='ltr'><strong>a&#39;d</strong></span> <span class='ocrx_word' id='word_1_55' title='bbox 539 2280 667 2343; x_wconf 85' lang='lat' dir='ltr'><strong>Livium</strong></span> <span class='ocrx_word' id='word_1_56' title='bbox 681 2278 807 2364; x_wconf 86' lang='lat' dir='ltr'><strong>ipsum,</strong></span> <span class='ocrx_word' id='word_1_57' title='bbox 825 2276 877 2337; x_wconf 87' lang='lat' dir='ltr'><strong>vel</strong></span> <span class='ocrx_word' id='word_1_58' title='bbox 893 2273 935 2337; x_wconf 88' lang='lat' dir='ltr'><strong>ad</strong></span> <span class='ocrx_word' id='word_1_59' title='bbox 953 2274 1022 2354; x_wconf 88' lang='lat' dir='ltr'><strong>ejus</strong></span> <span class='ocrx_word' id='word_1_60' title='bbox 1037 2275 1231 2362; x_wconf 85' lang='lat' dir='ltr'><strong>interpretes</strong></span> <span class='ocrx_word' id='word_1_61' title='bbox 1248 2275 1374 2362; x_wconf 84' lang='lat' dir='ltr'><strong>pertine</strong></span> 
     </span>
     <span class='ocr_line' id='line_1_31' title="bbox 391 2372 1377 2472; baseline -0.013 -21"><span class='ocrx_word' id='word_1_62' title='bbox 391 2372 393 2377; x_wconf 17' lang='lat' dir='ltr'>s</span> <span class='ocrx_word' id='word_1_63' title='bbox 482 2409 550 2450; x_wconf 92' lang='lat' dir='ltr'><strong>non</strong></span> <span class='ocrx_word' id='word_1_64' title='bbox 566 2385 709 2472; x_wconf 86' lang='lat' dir='ltr'><strong>ingrata,</strong></span> <span class='ocrx_word' id='word_1_65' title='bbox 729 2397 785 2445; x_wconf 90' lang='lat' dir='ltr'><strong>aut</strong></span> <span class='ocrx_word' id='word_1_66' title='bbox 810 2381 946 2444; x_wconf 91' lang='lat' dir='ltr'><strong>omnino</strong></span> <span class='ocrx_word' id='word_1_67' title='bbox 967 2380 1094 2444; x_wconf 90' lang='lat' dir='ltr'><strong>inutilia</strong></span> <span class='ocrx_word' id='word_1_68' title='bbox 1111 2381 1274 2468; x_wconf 84' lang='lat' dir='ltr'><strong>plerisque</strong></span> <span class='ocrx_word' id='word_1_69' title='bbox 1292 2381 1377 2470; x_wconf 84' lang='lat' dir='ltr'><strong>lege</strong></span> 
     </span>
    </p>
   </div>
   <div class='ocr_carea' id='block_1_16' title="bbox 482 2487 1382 3216">
    <p class='ocr_par' dir='ltr' id='par_1_16' title="bbox 482 2487 1382 3216">
     <span class='ocr_line' id='line_1_32' title="bbox 482 2487 1382 2584; baseline -0.007 -26"><span class='ocrx_word' id='word_1_70' title='bbox 482 2492 702 2584; x_wconf 83' lang='lat' dir='ltr'><strong>sperabamus.</strong></span> <span class='ocrx_word' id='word_1_71' title='bbox 733 2488 798 2554; x_wconf 85' lang='lat' dir='ltr'><strong>Sed</strong></span> <span class='ocrx_word' id='word_1_72' title='bbox 825 2505 858 2553; x_wconf 89' lang='lat' dir='ltr'><strong>et</strong></span> <span class='ocrx_word' id='word_1_73' title='bbox 885 2490 906 2552; x_wconf 90' lang='lat' dir='ltr'><strong>ii</strong></span> <span class='ocrx_word' id='word_1_74' title='bbox 933 2489 991 2577; x_wconf 92' lang='lat' dir='ltr'><strong>qui</strong></span> <span class='ocrx_word' id='word_1_75' title='bbox 1018 2504 1094 2551; x_wconf 89' lang='lat' dir='ltr'><strong>ante</strong></span> <span class='ocrx_word' id='word_1_76' title='bbox 1118 2511 1177 2552; x_wconf 89' lang='lat' dir='ltr'><strong>nos</strong></span> <span class='ocrx_word' id='word_1_77' title='bbox 1207 2489 1241 2551; x_wconf 92' lang='lat' dir='ltr'><strong>in</strong></span> <span class='ocrx_word' id='word_1_78' title='bbox 1269 2487 1382 2552; x_wconf 88' lang='lat' dir='ltr'><strong>eadem</strong></span> 
     </span>
     <span class='ocr_line' id='line_1_33' title="bbox 482 2594 1353 2674; baseline -0.005 -11"><span class='ocrx_word' id='word_1_79' title='bbox 482 2601 586 2663; x_wconf 89' lang='lat' dir='ltr'><strong>multa</strong></span> <span class='ocrx_word' id='word_1_80' title='bbox 604 2621 681 2662; x_wconf 91' lang='lat' dir='ltr'><strong>cum</strong></span> <span class='ocrx_word' id='word_1_81' title='bbox 696 2597 792 2662; x_wconf 90' lang='lat' dir='ltr'><strong>laude</strong></span> <span class='ocrx_word' id='word_1_82' title='bbox 811 2620 881 2661; x_wconf 88' lang='lat' dir='ltr'><strong>sese</strong></span> <span class='ocrx_word' id='word_1_83' title='bbox 896 2618 1070 2661; x_wconf 86' lang='lat' dir='ltr'><strong>exercuere</strong></span> <span class='ocrx_word' id='word_1_84' title='bbox 1086 2594 1265 2660; x_wconf 84' lang='lat' dir='ltr'><strong>doctissimi</strong></span> <span class='ocrx_word' id='word_1_85' title='bbox 1278 2597 1353 2674; x_wconf 82' lang='lat' dir='ltr'><strong>viri,</strong></span> 
     </span>
     <span class='ocr_line' id='line_1_34' title="bbox 483 2702 1340 2792; baseline -0.001 -24"><span class='ocrx_word' id='word_1_86' title='bbox 483 2722 696 2785; x_wconf 71' lang='lat' dir='ltr'><strong>annotarem,</strong></span> <span class='ocrx_word' id='word_1_87' title='bbox 716 2704 836 2792; x_wconf 90' lang='lat' dir='ltr'><strong>quibus</strong></span> <span class='ocrx_word' id='word_1_88' title='bbox 856 2703 1047 2767; x_wconf 86' lang='lat' dir='ltr'><strong>instructior</strong></span> <span class='ocrx_word' id='word_1_89' title='bbox 1065 2703 1276 2790; x_wconf 86' lang='lat' dir='ltr'><strong>paratiorque</strong></span> <span class='ocrx_word' id='word_1_90' title='bbox 1298 2702 1340 2767; x_wconf 91' lang='lat' dir='ltr'><strong>ad</strong></span> 
     </span>
     <span class='ocr_line' id='line_1_35' title="bbox 483 2809 1382 2890; baseline -0.002 -15"><span class='ocrx_word' id='word_1_91' title='bbox 483 2827 555 2875; x_wconf 94' lang='lat' dir='ltr'><strong>ctor</strong></span> <span class='ocrx_word' id='word_1_92' title='bbox 576 2810 753 2876; x_wconf 86' lang='lat' dir='ltr'><strong>accederet.</strong></span> <span class='ocrx_word' id='word_1_93' title='bbox 771 2812 848 2874; x_wconf 86' lang='lat' dir='ltr'><strong>Haec</strong></span> <span class='ocrx_word' id='word_1_94' title='bbox 870 2810 998 2890; x_wconf 88' lang='lat' dir='ltr'><strong>omnia,</strong></span> <span class='ocrx_word' id='word_1_95' title='bbox 1018 2809 1085 2871; x_wconf 84' lang='lat' dir='ltr'><strong>sive</strong></span> <span class='ocrx_word' id='word_1_96' title='bbox 1107 2824 1233 2890; x_wconf 89' lang='lat' dir='ltr'><strong>nostra,</strong></span> <span class='ocrx_word' id='word_1_97' title='bbox 1259 2810 1324 2872; x_wconf 82' lang='lat' dir='ltr'><strong>sive</strong></span> <span class='ocrx_word' id='word_1_98' title='bbox 1341 2809 1382 2873; x_wconf 88' lang='lat' dir='ltr'><strong>ab</strong></span> 
     </span>
     <span class='ocr_line' id='line_1_36' title="bbox 482 2912 1377 2980; baseline -0.007 -2"><span class='ocrx_word' id='word_1_99' title='bbox 482 2931 572 2980; x_wconf 84' lang='lat' dir='ltr'><strong>mata</strong></span> <span class='ocrx_word' id='word_1_100' title='bbox 598 2916 665 2980; x_wconf 93' lang='lat' dir='ltr'><strong>huc</strong></span> <span class='ocrx_word' id='word_1_101' title='bbox 692 2915 840 2979; x_wconf 84' lang='lat' dir='ltr'><strong>conferre</strong></span> <span class='ocrx_word' id='word_1_102' title='bbox 867 2915 973 2979; x_wconf 87' lang='lat' dir='ltr'><strong>visum</strong></span> <span class='ocrx_word' id='word_1_103' title='bbox 1002 2928 1060 2979; x_wconf 87' lang='lat' dir='ltr'><strong>est.</strong></span> <span class='ocrx_word' id='word_1_104' title='bbox 1088 2912 1199 2976; x_wconf 90' lang='lat' dir='ltr'><strong>Primo</strong></span> <span class='ocrx_word' id='word_1_105' title='bbox 1228 2913 1269 2978; x_wconf 91' lang='lat' dir='ltr'><strong>de</strong></span> <span class='ocrx_word' id='word_1_106' title='bbox 1293 2914 1377 2978; x_wconf 86' lang='lat' dir='ltr'><strong>Livi</strong></span> 
     </span>
     <span class='ocr_line' id='line_1_37' title="bbox 483 3017 1375 3109; baseline 0 -25"><span class='ocrx_word' id='word_1_107' title='bbox 483 3022 553 3101; x_wconf 87' lang='lat' dir='ltr'><strong>ejus</strong></span> <span class='ocrx_word' id='word_1_108' title='bbox 572 3022 752 3087; x_wconf 86' lang='lat' dir='ltr'><strong>editoribus</strong></span> <span class='ocrx_word' id='word_1_109' title='bbox 769 3038 801 3086; x_wconf 87' lang='lat' dir='ltr'><strong>et</strong></span> <span class='ocrx_word' id='word_1_110' title='bbox 819 3020 1066 3109; x_wconf 81' lang='lat' dir='ltr'><strong>interpretibus3</strong></span> <span class='ocrx_word' id='word_1_111' title='bbox 1083 3017 1226 3106; x_wconf 89' lang='lat' dir='ltr'><strong>denique</strong></span> <span class='ocrx_word' id='word_1_112' title='bbox 1243 3019 1283 3084; x_wconf 94' lang='lat' dir='ltr'><strong>de</strong></span> <span class='ocrx_word' id='word_1_113' title='bbox 1300 3021 1375 3084; x_wconf 86' lang='lat' dir='ltr'><strong>insti</strong></span> 
     </span>
     <span class='ocr_line' id='line_1_38' title="bbox 484 3127 768 3216; baseline 0.004 -27"><span class='ocrx_word' id='word_1_114' title='bbox 484 3127 610 3192; x_wconf 89' lang='lat' dir='ltr'><strong>ratione</strong></span> <span class='ocrx_word' id='word_1_115' title='bbox 625 3151 768 3216; x_wconf 83' lang='lat' dir='ltr'><strong>agemus.</strong></span> 
     </span>
    </p>
   </div>
   <div class='ocr_carea' id='block_1_17' title="bbox 812 3349 1221 3414">
    <p class='ocr_par' dir='ltr' id='par_1_17' title="bbox 812 3349 1221 3414">
     <span class='ocr_line' id='line_1_39' title="bbox 812 3349 1221 3414; baseline -0.002 -1"><span class='ocrx_word' id='word_1_116' title='bbox 812 3351 977 3414; x_wconf 81' lang='lat' dir='ltr'><strong>CAPUT</strong></span> <span class='ocrx_word' id='word_1_117' title='bbox 1007 3349 1221 3414; x_wconf 86' lang='lat' dir='ltr'><strong>PRIMUM.</strong></span> 
     </span>
    </p>
   </div>
   <div class='ocr_carea' id='block_1_18' title="bbox 812 3555 1231 3778">
    <p class='ocr_par' dir='ltr' id='par_1_18' title="bbox 812 3555 1231 3778">
     <span class='ocr_line' id='line_1_40' title="bbox 920 3555 1114 3595; baseline 0 0"><span class='ocrx_word' id='word_1_118' title='bbox 920 3556 966 3595; x_wconf 80' lang='lat' dir='ltr'><strong>nn</strong></span> <span class='ocrx_word' id='word_1_119' title='bbox 996 3555 1114 3595; x_wconf 82' lang='lat' dir='ltr'><strong>arvro.</strong></span> 
     </span>
     <span class='ocr_line' id='line_1_41' title="bbox 812 3714 1231 3778; baseline -0.01 0"><span class='ocrx_word' id='word_1_120' title='bbox 812 3717 924 3778; x_wconf 82' lang='lat' dir='ltr'><strong>Anrtc.</strong></span> <span class='ocrx_word' id='word_1_121' title='bbox 942 3716 967 3777; x_wconf 90' lang='grc' dir='ltr'><strong>Ι.</strong></span> <span class='ocrx_word' id='word_1_122' title='bbox 992 3716 1041 3777; x_wconf 83' lang='lat' dir='ltr'><strong>De</strong></span> <span class='ocrx_word' id='word_1_123' title='bbox 1056 3721 1127 3776; x_wconf 79' lang='lat' dir='ltr'><strong>vita</strong></span> <span class='ocrx_word' id='word_1_124' title='bbox 1143 3714 1231 3776; x_wconf 60' lang='lat' dir='ltr'><strong>Ltth&#39;t&#39;.</strong></span> 
     </span>
    </p>
   </div>
   <div class='ocr_carea' id='block_1_19' title="bbox 484 3881 1384 4620">
    <p class='ocr_par' dir='ltr' id='par_1_19' title="bbox 484 3881 1384 4620">
     <span class='ocr_line' id='line_1_42' title="bbox 530 3881 1384 3981; baseline -0.008 -22"><span class='ocrx_word' id='word_1_125' title='bbox 530 3895 578 3958; x_wconf 91' lang='lat' dir='ltr'><strong>De</strong></span> <span class='ocrx_word' id='word_1_126' title='bbox 595 3893 675 3959; x_wconf 83' lang='lat' dir='ltr'><strong>Livii</strong></span> <span class='ocrx_word' id='word_1_127' title='bbox 691 3894 755 3956; x_wconf 87' lang='lat' dir='ltr'><strong>vita</strong></span> <span class='ocrx_word' id='word_1_128' title='bbox 767 3894 894 3972; x_wconf 83' lang='lat' dir='ltr'><strong>juvaret</strong></span> <span class='ocrx_word' id='word_1_129' title='bbox 914 3890 1153 3981; x_wconf 88' lang='lat' dir='ltr'><strong>aliquammulta</strong></span> <span class='ocrx_word' id='word_1_130' title='bbox 1178 3881 1349 3969; x_wconf 81' lang='lat' dir='ltr'><strong>disserere,</strong></span> <span class='ocrx_word' id='word_1_131' title='bbox 1377 3921 1384 3929; x_wconf 65' lang='lat'>=</span> 
     </span>
     <span class='ocr_line' id='line_1_43' title="bbox 485 3994 1384 4089; baseline -0.007 -25"><span class='ocrx_word' id='word_1_132' title='bbox 485 4001 526 4066; x_wconf 87' lang='lat' dir='ltr'><strong>ad</strong></span> <span class='ocrx_word' id='word_1_133' title='bbox 539 4025 610 4064; x_wconf 92' lang='lat' dir='ltr'><strong>eam</strong></span> <span class='ocrx_word' id='word_1_134' title='bbox 623 3999 804 4064; x_wconf 88' lang='lat' dir='ltr'><strong>accuratius</strong></span> <span class='ocrx_word' id='word_1_135' title='bbox 818 3999 1079 4089; x_wconf 84' lang='lat' dir='ltr'><strong>cognoscendam</strong></span> <span class='ocrx_word' id='word_1_136' title='bbox 1095 3994 1296 4082; x_wconf 84' lang='lat' dir='ltr'><strong>inquirentes</strong></span> <span class='ocrx_word' id='word_1_137' title='bbox 1310 3997 1384 4059; x_wconf 86' lang='lat' dir='ltr'><strong>ferr</strong></span> 
     </span>
     <span class='ocr_line' id='line_1_44' title="bbox 485 4101 1366 4193; baseline -0.007 -23"><span class='ocrx_word' id='word_1_138' title='bbox 485 4108 574 4170; x_wconf 91' lang='lat' dir='ltr'><strong>enim</strong></span> <span class='ocrx_word' id='word_1_139' title='bbox 590 4127 704 4169; x_wconf 84' lang='lat' dir='ltr'><strong>omnes</strong></span> <span class='ocrx_word' id='word_1_140' title='bbox 718 4104 869 4193; x_wconf 86' lang='lat' dir='ltr'><strong>cupimus</strong></span> <span class='ocrx_word' id='word_1_141' title='bbox 887 4105 958 4169; x_wconf 86' lang='lat' dir='ltr'><strong>illos</strong></span> <span class='ocrx_word' id='word_1_142' title='bbox 975 4101 1175 4169; x_wconf 88' lang='lat' dir='ltr'><strong>celeberrimi</strong></span> <span class='ocrx_word' id='word_1_143' title='bbox 1193 4102 1336 4168; x_wconf 83' lang='lat' dir='ltr'><strong>nominis</strong></span> <span class='ocrx_word' id='word_1_144' title='bbox 1362 4131 1366 4145; x_wconf 83' lang='lat'><strong>·</strong></span> 
     </span>
     <span class='ocr_line' id='line_1_45' title="bbox 485 4209 1383 4299; baseline -0.004 -23"><span class='ocrx_word' id='word_1_145' title='bbox 485 4235 559 4276; x_wconf 88' lang='lat' dir='ltr'><strong>rum</strong></span> <span class='ocrx_word' id='word_1_146' title='bbox 574 4212 692 4299; x_wconf 88' lang='lat' dir='ltr'><strong>scripta</strong></span> <span class='ocrx_word' id='word_1_147' title='bbox 708 4211 858 4276; x_wconf 89' lang='lat' dir='ltr'><strong>manibus</strong></span> <span class='ocrx_word' id='word_1_148' title='bbox 872 4212 1022 4293; x_wconf 86' lang='lat' dir='ltr'><strong>terimus,</strong></span> <span class='ocrx_word' id='word_1_149' title='bbox 1043 4209 1173 4298; x_wconf 87' lang='lat' dir='ltr'><strong>penitus</strong></span> <span class='ocrx_word' id='word_1_150' title='bbox 1191 4231 1383 4298; x_wconf 83' lang='lat' dir='ltr'><strong>pernoscere</strong></span> 
     </span>
     <span class='ocr_line' id='line_1_46' title="bbox 484 4315 1382 4404; baseline 0 -24"><span class='ocrx_word' id='word_1_151' title='bbox 484 4317 625 4383; x_wconf 87' lang='lat' dir='ltr'><strong>boscum</strong></span> <span class='ocrx_word' id='word_1_152' title='bbox 642 4318 859 4382; x_wconf 87' lang='lat' dir='ltr'><strong>scribentibus</strong></span> <span class='ocrx_word' id='word_1_153' title='bbox 876 4317 977 4381; x_wconf 89' lang='lat' dir='ltr'><strong>amice</strong></span> <span class='ocrx_word' id='word_1_154' title='bbox 994 4317 1258 4404; x_wconf 81' lang='lat' dir='ltr'><strong>familiariterque</strong></span> <span class='ocrx_word' id='word_1_155' title='bbox 1275 4315 1382 4403; x_wconf 89' lang='lat' dir='ltr'><strong>colloq</strong></span> 
     </span>
     <span class='ocr_line' id='line_1_47' title="bbox 485 4422 1384 4510; baseline -0.003 -24"><span class='ocrx_word' id='word_1_156' title='bbox 485 4446 619 4510; x_wconf 89' lang='lat' dir='ltr'><strong>quoque</strong></span> <span class='ocrx_word' id='word_1_157' title='bbox 634 4423 744 4488; x_wconf 86' lang='lat' dir='ltr'><strong>adesse</strong></span> <span class='ocrx_word' id='word_1_158' title='bbox 761 4422 953 4488; x_wconf 89' lang='lat' dir='ltr'><strong>domesticas</strong></span> <span class='ocrx_word' id='word_1_159' title='bbox 971 4446 1021 4486; x_wconf 91' lang='lat' dir='ltr'><strong>res</strong></span> <span class='ocrx_word' id='word_1_160' title='bbox 1034 4423 1201 4502; x_wconf 82' lang='lat' dir='ltr'><strong>civilesre,</strong></span> <span class='ocrx_word' id='word_1_161' title='bbox 1214 4423 1353 4510; x_wconf 81' lang='lat' dir='ltr'><strong>privatas</strong></span> <span class='ocrx_word' id='word_1_162' title='bbox 1378 4454 1384 4477; x_wconf 85' lang='lat'><strong>·</strong></span> 
     </span>
     <span class='ocr_line' id='line_1_48' title="bbox 485 4528 1376 4620; baseline 0 -27"><span class='ocrx_word' id='word_1_163' title='bbox 485 4532 681 4616; x_wconf 82' lang='lat' dir='ltr'><strong>gerentibus.</strong></span> <span class='ocrx_word' id='word_1_164' title='bbox 699 4528 763 4595; x_wconf 89' lang='lat' dir='ltr'><strong>Sed</strong></span> <span class='ocrx_word' id='word_1_165' title='bbox 779 4532 940 4620; x_wconf 87' lang='lat' dir='ltr'><strong>plerisque</strong></span> <span class='ocrx_word' id='word_1_166' title='bbox 952 4530 1148 4619; x_wconf 89' lang='lat' dir='ltr'><strong>scriptorum</strong></span> <span class='ocrx_word' id='word_1_167' title='bbox 1161 4529 1226 4592; x_wconf 91' lang='lat' dir='ltr'><strong>hoc</strong></span> <span class='ocrx_word' id='word_1_168' title='bbox 1239 4528 1376 4616; x_wconf 83' lang='lat' dir='ltr'><strong>contigit</strong></span> 
     </span>
    </p>
   </div>
   <div class='ocr_carea' id='block_1_20' title="bbox 549 4641 773 4738">
    <p class='ocr_par' dir='ltr' id='par_1_20' title="bbox 549 4641 773 4738">
     <span class='ocr_line' id='line_1_49' title="bbox 549 4641 773 4738; baseline -0.022 -31"><span class='ocrx_word' id='word_1_169' title='bbox 549 4732 551 4738; x_wconf 28' lang='grc' dir='ltr'>Ι</span> <span class='ocrx_word' id='word_1_170' title='bbox 583 4641 668 4707; x_wconf 82' lang='lat' dir='ltr'><em>XII.</em></span> <span class='ocrx_word' id='word_1_171' title='bbox 696 4665 773 4703; x_wconf 68' lang='lat' dir='ltr'><strong>rum.</strong></span> 
     </span>
    </p>
   </div>
  </div>
 </body>
</html>
