2768 5136
520 48 523 55 ι
573 40 595 55 ‹1'

519 110 524 131 q
575 106 580 117 ι

636 153 750 336 Ι

71 758 115 829 72
480 735 722 804 cnnvenn

70 877 195 941 custos,
212 863 270 951 qui
282 862 373 925 bunc
388 859 448 926 sibi
461 862 669 927 commissum
681 884 750 928 esse
760 860 949 928 thesaumm
958 866 1131 949 intellexit,

70 991 156 1049 non,
170 966 254 1031 sicut
268 965 483 1056 Hesperidum
498 969 580 1032 mala
593 983 687 1034 torro
703 969 747 1033 illi
763 968 911 1053 draconi,
927 993 964 1034 ea
980 972 1051 1061 lege
1064 995 1131 1037 ser·

71 1074 232 1155 vandum,
249 1090 286 1138 ut
302 1095 416 1138 omnes
434 1072 476 1138 ab
498 1096 537 1138 eo
555 1091 694 1159 arceret;
711 1073 818 1139 sedin
834 1077 961 1165 eosqui
976 1076 1018 1144 de
1033 1079 1131 1143 literis

71 1171 156 1245 bene
172 1179 288 1244 meren'
304 1178 453 1262 student,
469 1180 538 1268 pari
553 1180 749 1271 benignitate
765 1197 797 1246 et
812 1182 985 1270 prudentia
1002 1183 1132 1272 dispen-

72 1285 221 1353 sandum.

114 1391 192 1472 Ejus
205 1414 304 1480 opera
319 1414 355 1456 ac
371 1390 527 1457 beneficio
543 1393 637 1482 copia
653 1393 749 1457 nobis
765 1394 847 1457 facta
863 1410 912 1458 est
926 1415 981 1458 sex
996 1395 1132 1483 scripto·

73 1519 146 1561 rum
158 1497 325 1581 codicum,
342 1499 487 1587 quinque
497 1499 837 1581 membranaceorum,
850 1499 948 1562 unius
958 1499 1135 1582 chartacei,

72 1623 214 1691 quorum
235 1604 379 1692 plerique
396 1605 600 1670 Gronovium
619 1605 779 1693 fugerant.
800 1604 934 1668 Illorum
953 1628 1059 1687 unus,
1077 1606 1135 1694 qui

72 1709 172 1774 literis
199 1707 240 1773 ed
260 1710 419 1797 optimum
437 1708 573 1775 modurn
593 1708 739 1773 formatis
762 1731 829 1772 non
849 1709 1062 1798 spernendam
1080 1733 1135 1774 ve·

73 1829 223 1879 tustatem
238 1815 359 1904 arguit,
380 1815 491 1880 decem
505 1814 629 1904 primos
642 1813 723 1877 Livii
734 1812 833 1877 libros
849 1814 1084 1901 complectitur.
1104 1817 1136 1879 ls

73 1919 236 1986 interdum
259 1921 292 1984 iu
316 1922 403 1986 notis
426 1920 546 1986 nostris
564 1918 606 1983 ad
624 1919 760 2008 primam
784 1918 936 1985 decadem
959 1921 1139 2008 appellatur

72 2026 306 2093 vetustissimus
326 2027 465 2116 eregiis.
484 2027 581 2090 Hunc
601 2040 639 2091 ut
660 2049 727 2090 non
743 2042 919 2109 vetustate,
937 2027 980 2090 ita
1003 2027 1139 2091 fortasse

72 2131 216 2196 bonitate
226 2148 372 2222 superat,
383 2154 482 2221 quem
494 2132 611 2222 passim
626 2133 788 2221 optimum
799 2155 818 2197 e
830 2132 926 2222 regiis
939 2133 1140 2214 vocitamus,

73 2237 209 2327 primam
225 2254 258 2303 et
268 2239 394 2302 tertiam
407 2236 541 2302 decades
558 2238 743 2320 continens,
754 2254 793 2302 ut
804 2253 837 2301 et
848 2238 1139 2303 altereTelleriana

74 2343 269 2408 bibliotheca
281 2345 314 2407 in
329 2343 449 2432 regiam
462 2343 647 2424 translatus,
660 2366 759 2430 quem
768 2340 844 2406 ideo
855 2342 1072 2407 Tellerianum
1084 2343 1140 2407 ali-

75 2451 202 2540 quoties
216 2450 470 2526 nominavimus,
482 2448 539 2515 sed
551 2466 584 2514 et
593 2464 684 2514 aetate
696 2465 728 2514 et
738 2448 843 2538 pretio
852 2450 948 2539 longe
960 2448 1090 2514 duobus
1102 2449 1141 2513 iis

76 2578 158 2645 quos
191 2556 298 2644 primo
325 2554 555 2639 indicavimus,
583 2554 727 2620 inferior.
755 2553 958 2620 Thuanaeum
990 2578 1140 2643 quoque,

77 2664 223 2753 quinque
239 2662 383 2743 libros,a
402 2679 493 2727 sexto
510 2683 628 2750 nempe
645 2661 686 2725 ad
702 2661 881 2746 decimum,
898 2662 1091 2743 habentem,
1108 2661 1141 2724 in

77 2792 192 2833 manus
207 2769 423 2857 sumpsimus,
439 2766 569 2856 optimae
582 2767 674 2831 illum
687 2767 819 2856 quidem
836 2783 940 2851 notar,
957 2766 1046 2831 seda
1061 2766 1145 2830 Gro-

77 2875 176 2939 novio
199 2874 264 2955 jam
290 2896 470 2937 excussum.
497 2874 705 2948 Chartaceus‚
733 2872 900 2938 desinente
926 2872 1045 2937 saeculo
1063 2871 1140 2934 XIV

78 2980 234 3068 scriptus,
250 2979 277 3043 si
291 2977 332 3043 de
347 2979 525 3068 ingenio'et
540 2976 605 3043 fide
618 2978 819 3066 exscriptoris
836 2994 1012 3058 constaret,
1033 2977 1124 3064 aliqu

79 3101 188 3172 posset
203 3086 237 3148 in
255 3107 392 3148 numero
412 3083 724 3172 haberi.1pseenim
742 3099 879 3149 testatur
903 3105 972 3148 sese
992 3082 1034 3147 ad
1056 3100 1102 3147 tra

81 3190 288 3255 scribendum
313 3189 535 3278 compluribus
560 3191 793 3282 exemplaribus
825 3212 923 3255 usum
951 3212 1047 3253 esse:
1074 3212 1087 3252 t

82 3296 209 3385 quibus,
231 3297 357 3385 inquit,
383 3309 413 3360 et
434 3296 588 3386 ingentolo
605 3320 706 3387 parvo
734 3297 908 3362 admodum
935 3296 1069 3360 nonnt'ltt'

85 3400 266 3490 tergendum
281 3402 384 3465 sordes
400 3401 595 3466 omnimodas
610 3401 764 3467 insudavi.
786 3401 957 3465 Mallemus
976 3423 1050 3465 eum

86 3509 196 3572 omnia
218 3509 467 3596 exemplaribus,
491 3508 572 3572 nihil
592 3509 723 3598 ingenio
746 3505 929 3572 credidisse.
955 3509 1064 3571 Demus

87 3615 188 3695 libro,
204 3629 242 3677 ut
257 3613 388 3701 aliquod
402 3614 531 3703 pondus
548 3612 645 3678 addat
663 3613 801 3695 creteris,
823 3611 878 3675 ubi
898 3612 935 3676 iis
955 3634 1044 3676 essen

87 3742 145 3806 per
161 3742 196 3784 se
213 3720 280 3807 ipse
298 3741 411 3807 parum
425 3720 616 3784 auctoritate
632 3719 725 3782 valet.
743 3717 883 3782 Primam
897 3717 1026 3783 decedet

88 3848 178 3914 gram
195 3824 333 3889 exhibet.

132 3931 267 3996 Librum
286 3931 502 3996 Puteanorum
526 3930 679 4011 fratrum,
695 3952 757 4018 quo
775 3928 857 3994 nihil
871 3930 910 3996 de
930 3931 967 3995 Τ.

89 4037 263 4125 atrttqttius,
280 4036 503 4123 Gronovio(1)
515 4035 640 4118 judice,
650 4041 850 4103 nscsonotius
861 4039 967 4126 Europ

92 4141 151 4205 etsi
165 4164 238 4204 eum
253 4142 420 4232 diligenter
428 4158 626 4223 versaverat,
639 4157 671 4205 et
684 4142 751 4223 ejus
762 4144 868 4232 apices
882 4166 967 4208 omm

92 4264 303 4336 persequutus
326 4247 495 4312 videbatur
519 4249 567 4311 vir
586 4271 748 4329 summus,
766 4266 804 4312 ut
825 4250 965 4313 immissa

127 4482 165 4545 (t)
182 4484 274 4533 Praetat,
291 4483 322 4531 atl
340 4484 390 4530 tir.
