2768 5136
549 775 834 844 PRAEFATIO.
1174 793 1229 866 71·
1248 785 1251 792 '

160 904 331 990 opuscula,
351 905 505 967 nimirum
526 906 649 968 selectae
671 927 710 969 ex
732 905 837 969 veteri·
850 897 1078 983 Testamentoq·
1094 918 1222 966 tumea

82 1018 85 1025 ’
160 1010 308 1095 prolenis
320 1010 530 1097 scriptoribus
548 1011 704 1094 historiae,
725 1027 756 1075 et
772 1010 884 1074 breves
900 1009 934 1071 in
952 1008 1103 1072 Curtium
1117 1010 1221 1074 Sallu·
1246 990 1248 999 Α

162 1114 323 1202 stiumque
337 1116 473 1195 notulae,
487 1114 618 1180 abunde
631 1114 870 1181 commendent·
882 1114 987 1178 Exhis
999 1114 1066 1194 ejus
1078 1115 1221 1202 scriptis,

162 1243 233 1307 quae
246 1223 379 1286 minime
388 1222 580 1285 ambitiosus
593 1222 748 1287 doctrinae
761 1236 939 1286 ostentator
949 1219 1222 1299 studiosaejuven·

161 1328 237 1391 tutis
253 1328 383 1393 utilitati
399 1327 586 1408 devoverat,
606 1344 719 1393 notum
738 1328 799 1392 erit
815 1325 966 1390 omnibus
985 1349 1049 1413 qua
1066 1327 1118 1388 ille
1137 1329 1221 1389 anti·

161 1433 291 1519 quitatis
313 1434 461 1516 notitia,·
485 1456 560 1499 uam
579 1436 645 1499 acri
665 1451 697 1498 et
713 1436 824 1499 limato
837 1432 977 1513 judicio,
999 1449 1096 1519 quam
1114 1435 1221 1498 solerti

160 1539 194 1601 in
203 1539 422 1605 rebusordine
430 1540 640 1628 disponendis
648 1540 818 1629 prudentia
828 1536 980 1627 preditus
990 1539 1098 1602 luerit.
1107 1539 1222 1619 Nobis,

159 1646 278 1732 quibus
290 1647 481 1710 suavissimo
490 1645 574 1710 illius
591 1647 742 1710 convictu
755 1646 818 1708 frui
835 1642 947 1707 datum
961 1659 1024 1724 est,
1040 1645 1232 1732 etiam›per-'

158 1767 286 1838 spectus
299 1751 362 1815 fuit
373 1773 502 1815 morum
514 1750 729 1832 ejus-candor,
744 1766 776 1814 et
788 1749 884 1837 digna
898 1749 1061 1811 literarum
1076 1750 1223 1839 ingenui·

159 1872 223 1922 tate
244 1858 445 1947 simplicitas,
466 1875 498 1922 et
519 1858 616 1921 nullis
639 1879 783 1944 unquam
809 1854 1030 1918 interturbatae
1052 1856 1221 1919 nubeculis

57 1999 59 2003 >
157 1965 273 2028 liontis
287 1965 452 2052 animique
465 1965 633 2039 serenitas,
648 1965 729 2026 etin
744 1983 858 2050 magna
873 1961 1025 2048 gravitate
1037 1963 1111 2024 vite
1120 1964 1221 2025 comi·

158 2085 206 2132 tas
228 2068 478 2146 jucundissima,
503 2083 537 2131 et
559 2067 653 2130 obvia
679 2066 773 2128 votis
788 2064 967 2127 amicorum
992 2062 1162 2144 sedulitas,
1188 2082 1221 2128 et

157 2194 272 2235 omnes
295 2170 436 2258 denique
458 2172 594 2234 virtutes
616 2191 690 2258 quae
709 2168 835 2231 animos
862 2166 1036 2230 bominum
1058 2161 1220 2231 devincire

157 2292 312 2362 possunt,
327 2277 452 2339 sincera
465 2276 498 2337 in
513 2277 618 2339 Deum
630 2275 747 2363 pietate
758 2289 961 2337 consecratae.

201 2377 265 2443 Sed
281 2381 419 2468 lougius<¹
430 2403 489 2444 nos
505 2380 647 2469 abripuit
664 2379 778 2445 acerba
793 2380 901 2442 amissi
919 2379 989 2442 talis
1005 2380 1099 2442 amici
1115 2401 1221 2443 recon-

157 2483 254 2547 detiot
270 2484 342 2546 Jmn
357 2482 404 2547 ad=
412 2486 615 2572 propositum
632 2500 840 2563 revertamur,
857 2500 890 2548 et
906 2483 947 2546 ad
961 2483 1218 2547 illesdootorum

157 2588 329 2652 homiuum
340 2605 536 2672 conventus,
550 2612 637 2679 quos·
643 2590 731 2678 apud
745 2612 797 2653 me
810 2590 937 2655 habitos
949 2610 1018 2654 esse
1033 2589 1218 2652 memoravi.

155 2691 206 2755 lbi
222 2709 318 2758 totus·
324 2710 447 2758 attente
460 2694 694 2785 diligenterque
705 2696 987 2782 Livius=perleetus
1000 2709 1065 2774 est,
1080 2692 1167 2756 etde
1178 2694 1219 2756 iis

89 2812 91 2818 ’
156 2798 310 2863 omnibus
322 2823 396 2888 quae
407 2799 550 2865 diflicilia
565 2802 795 2883 occurrebant,
811 2800 896 2865 itum
912 2802 945 2863 in
964 2800 1135 2865 consilium
1148 2823 1156 2862 ε
1172 2800 1217 2862 ibi

156 2919 240 2968 notae
255 2927 341 2991 quas·
353 2907 715 2994 egoconoinnavcram,
736 2909 779 2970 ita
801 2907 915 2971 sedulo
933 2928 1098 2995 expensae,
1117 2922 1218 2969 retra—

155 3026 261 3091 ctatae,
275 3011 469 3093 emendatae,
483 3014 738 3100 expolittc'sunt,
754 3029 794 3078 ut
808 3036 860 3077 eas
874 3033 1053 3076 consensus
1070 3011 1217 3075 omnium

157 3137 222 3178 non
234 3117 387 3203 probasse
396 3119 653 3208 scriptasmagis,
663 3142 761 3206 quam
771 3117 1112 3207 scripsissevideretur.
1128 3117 1218 3198 Quid

156 3220 190 3282 iu
203 3221 248 3284 eis
259 3222 384 3303 intuiti,
398 3223 478 3310 quid
489 3224 615 3290 efficere
626 3227 732 3290 conati
744 3226 918 3306 fuerimus,
930 3225 1041 3288 lectori
1049 3226 1121 3305 >jam
1129 3223 1216 3311 sigil-

156 3325 244 3390 latim
256 3326 595 3418 debemus-seponere.
992 3328 994 3332 ¹

200 3432 276 3496 Tria
291 3434 556 3500 maxime-noster
577 3438 732 3525 spectavit
749 3437 854 3516 labor,
871 3452 910 3500 ut
928 3449 1118 3500 contextum
1136 3432 1223 3494 Livii⁴

156 3561 256 3626 qaum
270 3542 547 3631 castigatissimum
561 3542 750 3624 ederemus3
764 3560 802 3606 ut
814 3541 1017 3605 difficultates
1030 3560 1082 3602 eas
1097 3538 1214 3624 quaein

156 3644 260 3708 serbis
279 3645 536 3712 locutionibusve
555 3649 779 3728 subobscuris,
800 3645 1074 3735 impeditioribus,
1098 3662 1214 3730 parum

156 3750 297 3830 usitatis,
312 3751 423 3838 positae
439 3770 547 3834 erant,
566 3754 827 3840 explanaremm,
846 3768 883 3813 ut
903 3772 953 3812 res
968 3750 1054 3835 ipsas
1075 3745 1215 3810 illustra·

155 3878 273 3919 remus.

199 3962 242 4022 ln⁴
254 3976 426 4024 contextus
437 3963 663 4027 emendatione
677 3964 721 4025 ita
738 3959 1141 4038 laaesimusGronovio,·ut
1155 3959 1214 4021 alia

154 4065 262 4130 adbuc
277 4066 371 4130 uobis
384 4066 526 4131 subsidia
539 4091 739 4156 pararemus,
756 4083 789 4130 et
804 4065 992 4152 conquisitis
1008 4065 1215 4152 excussisque

154 4171 643 4260 compluribus-Livii-codieibus
651 4174 741 4237 MSS.
749 4173 809 4259 ipsi
823 4172 998 4258 quoquein
1008 4169 1216 4261 repurgando

154 4277 331 4342 accuratius
346 4277 437 4341 Livio
452 4274 584 4364 aliquod
605 4300 709 4364 operas
728 4277 869 4365 pretium
889 4277 992 4339 lacere
1011 4298 1213 4338 conaremur.

90 4365 94 4371 ⁵
153 4385 239 4448 Juvit
250 4372 333 4448 hanc
347 4401 490 4449 nostram
504 4383 719 4464 voluntatem,
738 4384 839 4447 immo
856 4383 938 4446 votis
955 4382 1097 4446 occurrit
1112 4381 1214 4444 ellusa

154 4493 303 4558 comitate
320 4509 352 4556 et
368 4490 588 4557 benevolentia
606 4491 688 4555 Clar.
705 4491 867 4574 Sallerius,
887 4489 1090 4554 bibliothece
1108 4489 1215 4575 Regiae
