2752 5056
178 805 197 848 a
585 778 834 850 CREVE'RII

176 928 368 977 caeterorum
387 909 473 975 dicta
487 912 636 998 iactaque
652 933 768 1001 magna
789 932 866 975 cura
885 912 1044 1002 colligunt
1065 930 1097 977 et
1116 915 1249 979 immor·
1280 901 1282 905 ¹

176 1018 289 1083 talitati
306 1015 553 1099 commendant,
573 1017 738 1107 ipsorum,
755 1032 871 1107 praeter
887 1041 1025 1102 nomen,
1047 1020 1170 1108 reliqua
1185 1023 1250 1086 serc

175 1125 285 1190 omnia
306 1125 438 1189 interire
460 1125 668 1187 sinerentur:
688 1125 773 1188 malo
796 1147 873 1189 sane
895 1127 1064 1214 exemplo,
1090 1149 1151 1191 nec
1174 1129 1249 1192 satis

174 1247 263 1320 grata
281 1230 467 1319 posteritate
486 1229 640 1294 adversus
656 1253 712 1294 eos
732 1230 853 1318 quibus
870 1247 997 1296 tantum
1015 1231 1159 1297 deberet.

220 1338 292 1402 Hoc
315 1354 348 1400 et
368 1335 448 1401 Livii
471 1335 576 1400 iatum
598 1335 681 1418 fuit,
703 1353 742 1400 ut
763 1337 847 1401 fama
871 1336 941 1418 ejus
969 1339 1153 1427 scriptaque
1178 1355 1249 1403 toto

174 1443 254 1507 orbe
268 1443 455 1525 notissima,
472 1443 587 1506 vitain
603 1441 744 1507 obscuro
763 1459 858 1508 esset.
876 1445 924 1507 Ex
941 1444 1092 1532 quahaec
1109 1447 1249 1533 paucula

172 1549 215 1614 ad
231 1550 380 1614 notitiam
397 1565 542 1614 nostram
560 1566 800 1637 pervenerunt:
815 1551 907 1615 illum
924 1551 1049 1627 Patavii¹
1063 1569 1174 1617 ortum
1186 1553 1249 1640 (ι),

171 1656 290 1720 Pisone
314 1671 347 1719 et
370 1655 510 1721 Gabinio
538 1676 619 1718 coss.
648 1674 736 1718 anno
761 1657 801 1719 A.
826 1655 862 1720 C.
885 1656 937 1720 58.
959 1658 1073 1721 Romae
1097 1680 1248 1746 magnam

174 1762 276 1853 egisse
290 1762 390 1826 aetatis
404 1777 547 1851 partem,
565 1759 622 1825 sed
636 1760 670 1823 in
683 1761 786 1850 patria
800 1760 943 1851 denique
958 1785 1147 1852 supremum
1163 1764 1248 1828 diem

173 1868 292 1933 obiisse
312 1867 376 1956 (a),
399 1890 487 1932 anno
513 1866 715 1957 principatus
740 1865 861 1931 Trberii
890 1883 1023 1956 quarto,
1054 1870 1155 1935 aetatis
1183 1893 1248 1933 suae

172 1991 263 2040 sexto
280 1990 312 2038 et
328 1975 585 2064 septuagesim03
610 1971 714 2038 filium
729 1974 760 2036 ei
778 1973 878 2038 fuisse
892 1973 959 2062 (3),
979 1976 1033 2039 cui
1053 1976 1194 2065 quadam
1215 1978 1249 2039 in

167 2080 307 2170 'epistola
321 2081 406 2144 hanc
419 2078 548 2170 legendi
565 2079 788 2144 brevissimam
803 2079 952 2145 eamdem
968 2081 1251 2170 sapientissimam-

173 2210 238 2276 que
254 2189 357 2277 legem
377 2188 564 2275 scripserat,
585 2185 731 2274 legendos
746 2187 983 2253 Demosthenem
1003 2203 1100 2278 atque
1124 2189 1249 2255 Cicero-

86 2320 88 2324 *
170 2318 260 2375 ms,
281 2311 348 2360 tuin
365 2297 412 2358 ito
434 2306 471 2357 nt
483 2294 615 2379 quisque
631 2305 707 2356 esset
724 2293 928 2358 Demostheni
941 2310 973 2360 et
989 2293 1135 2361 Ciceroni
1148 2297 1249 2361 simil·

173 2401 285 2482 liores,⁸
309 2399 408 2466 filiam
432 2400 463 2464 ei
484 2397 600 2462 itidem
622 2398 722 2463 fuisse
738 2399 805 2489 (4),
830 2418 967 2490 nuptam
986 2403 1022 2466 L.
1042 2402 1151 2492 Magio
1172 2402 1248 2468 rhe-

172 2506 254 2587 tori,
285 2527 385 2592 quem
417 2502 652 2568 declamantem
683 2502 835 2568 homines
866 2505 1085 2592 aliquamdiu,
1116 2529 1183 2569 non
1213 2509 1247 2570 in

172 2610 274 2699 ipsius
294 2610 456 2674 honorem
477 2606 697 2690 laudaverint,
720 2607 778 2673 sed
801 2608 835 2672 in
859 2612 962 2672 soceri
991 2609 1143 2691 tulerint,
1169 2612 1249 2673 scri-

172 2719 274 2808 psisse
292 2740 369 2783 eum
384 2715 449 2804 (5),
465 2732 584 2805 praeter
599 2715 768 2798 historias,
784 2717 881 2781 etiam
899 2715 1062 2806 dialogos,
1079 2739 1163 2805 quos
1180 2740 1248 2783 non

172 2825 274 2915 mama
294 2821 508 2912 philosophiae
530 2843 747 2886 anniunemre
772 2822 896 2910 possis,
914 2845 1013 2910 quam
1033 2823 1194 2905 historioe,
1217 2839 1249 2887 et

170 2952 210 2997 es
224 2931 371 3020 professo
382 2929 624 3017 philosophiam
636 2929 843 2994 continentes
856 2928 976 3012 libros3
988 2951 1029 2994 eo
1040 2945 1176 3021 auctore
1185 2929 1247 3018 (6),

170 3035 365 3117 Claudium,
382 3036 439 3124 qui
455 3051 569 3123 postea
584 3035 773 3124 imperarit,
797 3035 841 3100 ad
855 3035 1026 3101 historiam
1043 3036 1248 3101 scribendam

172 3143 321 3208 animum
343 3142 523 3230 appulisse3
546 3140 690 3231 denique
708 3142 770 3230 ipsi
788 3141 902 3206 datum
922 3165 992 3208 esse
1011 3142 1074 3231 (7),
1100 3160 1139 3208 ut
1155 3145 1248 3208 vivus

172 3249 274 3340 gloria
302 3272 361 3314 sua
389 3249 632 3336 perfrueretur,
663 3248 927 3338 Gaditanumque
954 3249 1148 3338 quemdam,
1179 3251 1248 3330 ejus

173 3355 306 3420 nomine
323 3355 473 3443 famaque
490 3370 713 3437 commotum,
732 3354 774 3419 ad
787 3354 960 3419 visendum
978 3379 1054 3420 eum
1072 3356 1114 3420 ab
1131 3357 1249 3420 ultimo

173 3477 331 3527 terrarum
347 3461 427 3525 orbe
440 3460 584 3538 venisse,
599 3461 773 3549 statimque
789 3477 826 3524 ut
843 3460 967 3527 viderat
983 3462 1100 3526 abiisse
1113 3462 1172 3550 (8)

207 3668 245 3733 (ι)
265 3671 338 3717 Voss.
354 3667 385 3716 de
397 3669 463 3717 Hist.
474 3670 529 3717 Lat.
542 3671 571 3728 1,
583 3669 624 3731 59.

207 3755 245 3819 (a)
263 3756 351 3804 Euseb.
365 3751 460 3804 Chron-

207 3842 246 3906 (3)
265 3839 371 3905 Quintil.
383 3844 465 3893 lustit.
477 3846 519 3905 X,
537 3861 558 3890 1.

207 3931 246 3994 (4)
264 3931 349 3979 Sesea.
360 3931 465 3978 riom.
475 3930 545 3980 inv
555 3931 675 3981 Controv.

207 4018 247 4084 (5)
265 4020 351 4068 Senon
366 4017 438 4083 epist.
454 4032 510 4066 roo.

204 4106 244 4172 (6)
261 4109 362 4155 Suetou.
375 4104 403 4154 in
413 4103 502 4154 Claud.
516 4120 569 4170 csp.
584 4115 627 4164 ⁴¹·

119 4185 130 4196 ⁰
208 4193 247 4260 (7)
266 4193 330 4243 Plin.
347 4194 391 4241 lib.
404 4197 428 4242 11
443 4229 450 4253 ‚
464 4192 537 4262 epist.
552 4194 577 4240 3.

205 4283 244 4350 (8)
262 4284 325 4346 Quae
338 4283 369 4332 de
380 4283 536 4331 aemulatione
548 4281 614 4330 inter
627 4284 656 4330 T.
669 4283 765 4332 Livium
776 4295 801 4333 et
814 4284 952 4332 Cornutum
965 4282 1039 4332 habet
1049 4281 1137 4334 Suidss
1147 4283 1173 4329 in
1185 4296 1249 4329 roca·

170 4373 315 4440 Κορνοῦτος,
332 4388 360 4421 es
380 4371 454 4420 nobis
472 4384 525 4418 non
545 4368 662 4418 videntur
682 4372 803 4437 quadrare
825 4371 851 4420 in
875 4373 947 4419 hunc
961 4358 1077 4419 noatmni
1092 4369 1247 4418 historiarum

169 4462 329 4528 scriptam,
342 4473 395 4512 tum
409 4461 444 4511 oh
458 4461 520 4521 slis,
533 4470 585 4508 tum
599 4459 638 4508 vel
654 4463 760 4510 mxime
773 4460 842 4526 quod
854 4462 980 4510 Corrimm
992 4460 1084 4510 ibidem
1096 4459 1186 4508 dicitur
1202 4459 1247 4506 sub

169 4553 269 4614 Nasone
280 4551 404 4615 fflsuisse,
415 4568 492 4616 quum
505 4551 589 4601 Livius
603 4560 688 4599 nostor
701 4552 776 4600 initio
792 4549 947 4616 principatus
957 4549 1051 4600 Tiberii
1064 4548 1248 4614 septuagenario
