2768 5136
806 819 1074 891 PR·AE·FAT10.

407 967 531 1041 tumque
545 950 722 1039 republicae
739 949 828 1038 quod
840 951 958 1012 imitere
970 952 1096 1037 capras:
1115 949 1323 1036 rirdes'oedum
1338 959 1384 1016 ἐκ

395 1056 530 1142 foedum
546 1059 636 1120 atriu
643 1105 653 1136 ‚
669 1056 758 1144 quod
766 1057 849 1119 vites
861 1053 917 1142 (1).

453 1165 605 1226 Fremant
623 1160 808 1250 philosophi
830 1161 922 1225 licet:
947 1160 1099 1224 audacter
1112 1160 1351 1249 profitebimur
1376 1196 1380 1220 τ

408 1269 511 1333 nostri
527 1268 729 1333 sententiam.
756 1268 877 1330 Omnes
895 1266 1024 1330 illorum
1042 1264 1273 1355 disputationes
1288 1293 1355 1334 una
1382 1302 1384 1328 t

406 1374 535 1439 videtur
551 1376 631 1440 Livii
650 1369 804 1456 historia,
825 1375 852 1437 si
869 1374 942 1461 quis
960 1390 992 1437 et
1005 1374 1133 1438 honesti
1149 1397 1257 1439 amore
1280 1376 1338 1440 sibi
1358 1400 1381 1464 p

408 1479 512 1544 imbui
527 1481 620 1559 velit,
636 1496 670 1545 et
686 1480 805 1544 salubri
824 1478 966 1567 quodam
984 1477 1132 1542 antidoto
1149 1478 1302 1545 adversus
1318 1483 1384 1546 viti

407 1586 556 1675 contagia
579 1567 719 1668 muniri,
744 1586 812 1650 sive
833 1585 1034 1650 auctoritatis
1051 1583 1213 1674 pondere,
1235 1586 1302 1650 sive
1324 1589 1374 1652 uti

407 1691 555 1756 ubertate
571 1714 731 1779 superare.
751 1690 923 1780 Quidquid
944 1690 1032 1780 apud
1054 1691 1126 1754 illos
1149 1693 1315 1779 praeceptis
1330 1716 1381 1757 ao:

408 1813 482 1878 tur,
508 1796 562 1861 hic
578 1796 741 1862 firmatum
758 1796 906 1860 videmus
927 1796 1089 1884 exemplis.
1116 1795 1166 1857 llli
1188 1817 1309 1861 cassam
1334 1821 1376 1863 sae

407 1923 541 1966 vacuam
567 1900 696 1992 lingunt
716 1902 825 1966 animo
850 1901 980 1965 virtutis
1004 1901 1197 1988 imaginem:
1227 1900 1283 1967 hic
1305 1902 1376 1990 ipsa

406 2009 509 2072 virtus
532 2025 724 2097 praesentem
743 2008 827 2072 sistit
844 2005 887 2070 ob
904 2007 1034 2086 oeulos,
1053 1999 1086 2070 et
1100 2006 1205 2070 vivam
1224 2004 1367 2092 quodam

406 2137 443 2179 ac
459 2116 632 2203 spirantem
646 2114 786 2178 exhibet.
800 2112 935 2175 illorum
952 2127 1097 2198 suspecta
1117 2109 1281 2175 interdum
1298 2129 1347 2176 est
1373 2142 1380 2169 ι

406 2221 604 2310 loquacitas:
626 2220 680 2284 hic
696 2241 757 2282 nos
774 2219 893 2308 frangit
909 2218 1083 2282 auctoritas
1100 2217 1313 2282 ineluctabilis
1331 2241 1374 2283 on

406 2350 479 2391 rum
498 2326 670 2414 triumphis
694 2323 836 2406 ducum,
860 2341 892 2388 et
910 2324 1041 2387 maximi
1062 2340 1137 2411 post
1154 2324 1327 2388 hominnm
1343 2346 1377 2387 m

406 2433 485 2495 riam
507 2431 634 2518 imperii
655 2429 874 2494 conditorum.
901 2429 1051 2515 Denique
1078 2428 1208 2493 illorum
1236 2446 1376 2518 proecept

351 2539 353 2543 ’
407 2560 473 2601 non
488 2535 588 2600 modo
602 2536 697 2600 aridoe
712 2559 749 2600 ac
764 2536 879 2616 jejunae
895 2535 976 2599 nihil
994 2534 1116 2598 habent
1131 2534 1301 2617 lenocinii,
1319 2534 1376 2598 nih

404 2639 552 2727 luptatis,
576 2636 634 2703 sed
650 2638 746 2702 etiam
762 2639 831 2726 ipsa
846 2635 1053 2724 praecipiendi
1068 2635 1270 2725 professione
1285 2636 1375 2701 abste

403 2767 441 2809 ac
459 2746 572 2833 fugant
587 2742 742 2808 indociles
754 2744 945 2831 plerumque
964 2742 1135 2806 hominum
1148 2742 1296 2809 animos:
1313 2742 1382 2806 Livi

405 2851 494 2914 omni
509 2850 701 2938 eloquentiae
717 2850 807 2914 cultu
824 2849 972 2914 salutaria
986 2847 1109 2910 monita
1122 2848 1218 2910 vestit
1232 2862 1265 2911 et
1279 2870 1378 2912 exorn

403 2957 448 3021 ita
463 2957 606 3045 proecipit
619 2974 655 3020 ut
668 2978 801 3044 prorsus
820 2955 915 3019 lateat
929 2953 1135 3042 praecipiendi
1149 2952 1310 3017 voluntas.
1328 2954 1383 3018 Nu

401 3063 434 3124 in
452 3084 492 3126 eo
506 3062 678 3152 magisterii
697 3061 924 3149 supercilium
942 3060 1028 3123 nulla
1043 3058 1185 3122 doctoris
1198 3072 1353 3147 persona:

401 3189 467 3253 que
483 3165 651 3255 disciplina
665 3166 793 3229 virtutis
808 3181 882 3228 ante
895 3164 1060 3227 insinuata
1082 3163 1266 3239 mentibus,
1289 3186 1352 3251 qua

401 3272 458 3359 qui
472 3271 602 3336 discunt
614 3271 723 3336 doceri
740 3293 809 3336 sese
822 3269 1011 3358 intelligant.
1208 3346 1211 3351 Ι

446 3377 517 3440 Hoc
531 3376 702 3441 artificium
725 3375 837 3439 callide
853 3373 1068 3461 deprehendit
1083 3375 1132 3437 vir
1147 3376 1267 3439 exculti
1282 3375 1351 3439 mul
1371 3423 1374 3430 .

402 3481 554 3543 inanitate
577 3480 699 3570 ingenii
719 3478 922 3542 Corbinellus
947 3477 1013 3566 (a),
1042 3480 1098 3565 qui
1123 3478 1299 3544 sententias
1328 3501 1347 3543 e
1381 3490 1384 3535 l

402 3587 546 3650 collectas
563 3585 700 3650 contulit
712 3585 744 3648 in
762 3584 924 3666 libellum,
938 3583 1063 3648 editum
1078 3585 1205 3649 Parisiis
1217 3607 1303 3648 anno
1320 3585 1381 3670 169

401 3692 526 3755 monito
549 3691 641 3779 quod
665 3692 743 3754 huic
765 3691 873 3754 libello
899 3690 1065 3778 praefixum
1088 3707 1152 3771 est,
1174 3682 1322 3754 observat
1346 3713 1378 3754 e·

401 3800 520 3863 mirum
533 3798 728 3887 quibusdam
740 3799 875 3863 fortasse
888 3796 990 3862 videri
1003 3821 1112 3886 posse,
1131 3796 1221 3885 quod
1237 3798 1294 3884 qui
1310 3813 1374 3860 tarn

399 3904 595 3968 sententiose
617 3904 781 3990 scripserit
800 3903 927 3983 Livius,
955 3919 1019 3966 tam
1037 3902 1151 3965 multas
1168 3924 1206 3965 ex
1223 3924 1283 3965 suo
1297 3925 1376 3991 oper

398 4009 572 4098 cerpendas
588 4009 761 4073 sententias
772 4009 953 4097 praebuerit.
968 4006 1031 4072 Sed
1044 4029 1161 4096 nempe
1172 4007 1319 4097 egregins
1331 4007 1383 4073 dic

398 4115 528 4195 artifex,
550 4139 637 4196 non,
659 4113 833 4201 Polybiana
857 4114 1077 4201 simplicitate,
1101 4114 1384 4204 tamquam'purpt

398 4245 543 4310 pannos,
565 4210 742 4285 narrationi
766 4220 940 4283 sententias
966 4218 1076 4281 assuit.
1094 4220 1204 4308 Longe
1221 4219 1265 4283 illi
1290 4220 1375 4302 majo

432 4458 470 4522 (r)
489 4462 540 4506 liv.
554 4459 624 4506 l’raet'.

431 4559 468 4623 (a)
488 4563 531 4606 Les
548 4560 650 4606 ariciens
664 4557 792 4604 historicus
809 4555 899 4603 reduits
918 4573 947 4604 ert
962 4558 1090 4624 matrimes.
1102 4557 1321 4606 Prernicrvolurrre.
1334 4556 1382 4604 Tite

1285 4642 1316 4711 3.
