2752 5056
211 786 279 871 334
470 776 687 856 NOTITIA
718 787 1005 855 LlrEttatttt

211 921 308 997 tiutn,
326 915 397 979 Aldi
409 914 526 997 filiurn,
542 918 597 979 fol.
614 919 652 980 ln
670 920 730 982 bac
745 916 887 981 editione
901 918 1038 1005 repetita
1055 932 1142 981 sunt
1157 916 1286 1005 Sigonii

209 1024 329 1087 scholia
346 1022 379 1085 in
402 1023 545 1103 Livium,
564 1022 789 1110 ejusdemque,
807 1045 872 1087 non
891 1044 985 1105 vero,
1005 1038 1044 1087 ut
1061 1022 1236 1087 Hearnius
1255 1038 1288 1085 et

211 1131 352 1194 Clericus
364 1128 540 1209 affirmant,
552 1129 699 1194 Glareani
712 1130 926 1219 Chronologia
937 1130 1081 1195 Liviana.
1095 1132 1136 1195 In
1149 1130 1287 1193 scholiis

209 1252 316 1299 autem
336 1235 486 1321 Sigonius
505 1235 604 1298 multa
621 1237 774 1315 mutavit,
794 1236 924 1300 meliora
940 1234 1008 1299 sire
1020 1252 1165 1323 sponte,
1179 1236 1286 1299 sivea

212 1343 349 1422 Faerno,
365 1340 567 1421 llobortello,
581 1340 715 1427 aliisque
730 1339 874 1405 edoctus.

258 1567 349 1631 1568.
362 1564 561 1651 Francofart.
573 1567 586 1628 l
599 1565 860 1653 Feyerabendina
871 1588 897 1630 s.
910 1564 1106 1645 domimi,
1122 1566 1184 1629 fol.
1195 1564 1283 1629 aTiti

210 1673 288 1736 Livii
306 1672 374 1734 Pat.
393 1674 485 1734 Rom.
510 1672 584 1735 bist.
604 1672 757 1760 principis
777 1672 864 1736 Libri
885 1687 1048 1759 quotquot
1067 1670 1112 1735 ad
1130 1686 1281 1757 nostram

209 1794 333 1841 aetatem
352 1793 588 1867 pervenerunt:
609 1799 766 1840 unacum
788 1776 1047 1841 doctissimorum
1063 1776 1228 1841 Virorum
1247 1778 1280 1841 in

210 1909 265 1949 eos
283 1884 576 1963 lucubrationibus,
595 1900 668 1971 post
683 1906 797 1947 omnes
815 1884 952 1948 aliorum
970 1882 1044 1947 edd.
1061 1906 1198 1947 summa
1217 1882 1281 1947 lide

209 2015 246 2053 ac
261 1990 425 2078 diligentia
441 2006 473 2051 et
487 2005 633 2053 veterum
647 2004 677 2052 et
694 1989 910 2052 recentiorum
926 1988 1099 2053 collatione
1115 1990 1280 2077 recogniti

208 2111 240 2157 et
261 2094 436 2157 artificiosis
460 2092 610 2179 picturis,
634 2093 809 2180 praecipuas
830 2092 978 2155 historias
998 2108 1074 2182 apte
1095 2116 1279 2181 repraesen-

210 2200 360 2280 tantibus,
377 2199 540 2277 exornati,
555 2199 654 2285 inque
666 2197 749 2261 duos
766 2213 872 2261 tomos
883 2195 1195 2285 distributi,quibus
1208 2222 1281 2287 quae

210 2308 453 2385 contineantur,
483 2320 556 2391 post
587 2304 807 2390 prefationem
838 2302 968 2391 patebit.
997 2304 1211 2368 Francofurti
1239 2304 1280 2369 ad

209 2414 351 2475 lllaenum
368 2412 587 2491 tttDvattt,
604 2434 677 2474 cum
698 2411 797 2499 gratia
815 2426 848 2473 et
866 2410 1032 2498 privilegio
1048 2412 1187 2475 Caesaris
1198 2443 1222 2475 ι.
1240 2412 1279 2475 ln

209 2519 394 2605 praefatione
407 2518 484 2579 tomi
502 2519 525 2596 l,
535 2516 667 2580 Alberto
682 2517 764 2579 Duci
781 2517 917 2580 Bavariae
931 2516 1098 2603 inscripta,
1113 2516 1281 2605 Georgius

211 2624 370 2686 Corvinus
386 2640 418 2685 et
433 2622 559 2710 Sigism.
574 2620 782 2709 Feyerabend
796 2622 965 2686 consilium
980 2621 1125 2685 historiae
1136 2622 1280 2685 Livianae

210 2754 227 2791 a
247 2752 281 2792 se
302 2728 395 2791 editae
412 2730 457 2791 sic
477 2745 664 2815 exponunt:
684 2760 696 2783 ιι
711 2728 821 2791 Toties
838 2750 914 2791 vero
933 2750 969 2791 ea
987 2728 1084 2815 prelis
1101 2726 1279 2791 Variorum

211 2857 343 2914 excusa,
355 2851 392 2896 ut
404 2835 501 2897 exteri
517 2834 632 2897 Veneti
648 2850 680 2896 et
697 2833 796 2914 Galli,
812 2856 887 2897 cum
902 2833 1021 2897 nostris
1035 2834 1234 2899 hominibus
1246 2836 1281 2899 in

212 2940 271 3001 ltac
289 2938 413 3001 edenda
432 2956 568 3003 certasse
585 2939 773 3020 videantur,
794 2939 888 3002 nobis
906 2938 1041 3027 diligens
1059 2956 1282 3030 accuratoque
1327 2992 1332 3002 .

129 3034 136 3047 ’
211 3045 456 3131 circumspectio
473 3044 655 3109 adhibenda
672 3046 751 3127 luit,
769 3061 807 3108 ut
826 3068 877 3109 eas
894 3046 1035 3109 rationes
1050 3067 1280 3133 sequeremur,

212 3151 329 3238 quibus
356 3168 466 3215 nostra
489 3151 606 3232 editio,
636 3152 659 3215 si
683 3175 750 3215 non
777 3152 890 3215 ceteris
913 3152 1026 3216 melior
1046 3152 1281 3240 ornatiorque,

211 3255 279 3318 aliis
293 3272 398 3319 tamen
415 3273 447 3319 ct
461 3257 605 3319 bonitate
618 3272 650 3321 et
662 3273 780 3320 ornatu
793 3280 850 3344 par
861 3274 954 3322 esset.
966 3255 1113 3343 Ideoque
1124 3258 1279 3321 omnium

211 3379 373 3449 quotquot
383 3362 502 3425 babere
512 3362 677 3449 potuimus
688 3361 869 3427 editionum
879 3362 1114 3451 exemplaribus
1122 3363 1280 3445 collectis,

211 3466 379 3531 lectionem
395 3491 466 3555 qum
480 3468 626 3531 omnium
646 3468 918 3550 emendatissima,
931 3492 967 3532 ac
981 3469 1121 3533 Livianae
1134 3468 1279 3533 ubertati

210 3574 512 3637 convenientissima
532 3571 711 3654 videretur,
728 3574 841 3637 imitati
861 3596 991 3654 sumus,
1009 3572 1091 3637 nibil
1114 3574 1151 3636 in
1171 3596 1214 3637 eo
1231 3576 1279 3637 fa·

211 3681 345 3759 cientes,
367 3679 458 3757 cujus
478 3702 516 3740 cx
533 3678 677 3766 diligenti
698 3680 926 3767 exemplarium
944 3680 1029 3743 inter
1047 3701 1082 3743 se
1100 3680 1279 3744 collatione

211 3784 384 3871 probabilis
398 3784 478 3846 ratio
491 3784 601 3846 lectori
616 3783 766 3847 facillime
779 3806 930 3871 apparere
945 3806 1010 3846 non
1026 3800 1134 3870 queat.
1148 3784 1278 3849 Deinde

211 3912 313 3974 quum
328 3912 423 3976 quarn
438 3889 577 3974 plurima
590 3887 676 3977 apud
688 3890 777 3953 hunc
789 3888 968 3953 Authorem
981 3889 1050 3951 loca
1063 3906 1187 3969 essent,
1205 3914 1279 3977 quat

211 3994 336 4056 erudita
353 3995 547 4057 enodatione
561 4018 598 4057 ac
611 3993 757 4083 diligenti
770 3996 983 4059 illustratione
994 3994 1194 4085 indigerent,
1208 4018 1278 4059 non

213 4100 316 4161 solum
331 4100 378 4177 ei,
398 4124 469 4186 quae
485 4117 578 4162 antea
597 4100 767 4164 doctorum
784 4100 928 4164 virorum
944 4101 976 4164 in
997 4124 1071 4163 ettm
1089 4100 1141 4163 vel
1156 4100 1279 4165 Obser-

212 4205 356 4267 vationes
367 4206 414 4267 vcl
430 4208 665 4269 Annotationes
677 4208 837 4288 exierant,
849 4206 1072 4286 adjunximus:
1085 4204 1144 4271 sed
1155 4222 1189 4271 et
1200 4228 1278 4271 oum

212 4310 306 4372 variis
322 4312 354 4371 in
373 4310 449 4374 locis
465 4313 505 4375 ab
524 4313 577 4391 iis,
598 4314 753 4400 quasique
774 4312 863 4376 aliud
880 4312 1069 4402 agentibus,
1085 4334 1186 4399 quam
1205 4314 1281 4401 plu·

213 4417 292 4479 rima
305 4416 345 4479 ad
361 4420 551 4482 sententiam
570 4420 647 4482 Livii
662 4436 749 4483 recte
763 4420 995 4506 assequendam
1013 4440 1172 4507 perquam
1186 4420 1281 4483 utilia

213 4539 378 4603 annotata,
393 4524 441 4585 vel
459 4525 492 4585 in
510 4523 684 4589 adversaria
698 4526 794 4588 relata
809 4526 1080 4613 perspiceremus,
1093 4546 1129 4587 ea
1141 4526 1282 4591 collecta
