2752 5056
153 759 223 834 350
421 758 632 827 NOTITIA
659 758 939 827 LITERARIA

198 890 290 978 1679.
304 886 534 975 Camabnffiae,
549 888 625 951 voll.
636 889 684 969 ΙΙ,
703 886 785 951 in·8.
804 888 943 975 Repetit.
956 885 1174 975 precedentis.

196 1082 388 1170 16791682.
407 1081 508 1144 Paris.
523 1079 597 1143 voll.
612 1078 668 1160 lv,
686 1079 770 1155 inei.
787 1080 822 1143 Τ.
837 1079 916 1142 Livii
936 1080 1042 1144 Patav.
1061 1079 1212 1143 historia·

148 1212 222 1254 rum
245 1187 319 1251 libri
340 1186 396 1273 qui
422 1200 561 1266 exstant,
583 1183 849 1272 interpretatione
876 1201 908 1247 et
935 1185 1020 1248 notis
1043 1184 1212 1248 illustravit
1318 1273 1320 1276 y

149 1297 197 1360 Io.
218 1294 405 1382 Doujatius,
432 1294 683 1356 Antecessorum
709 1289 805 1353 Paris.
829 1306 862 1353 et
888 1292 1050 1378 regiorum
1073 1291 1212 1355 Profess.

148 1401 365 1466 Primicerius.
382 1401 480 1465 Jussu
495 1396 759 1461 Christianissimi
773 1397 884 1486 Regis,
901 1398 934 1460 in
950 1421 1046 1461 usum
1060 1398 1127 1462 Ser.
1139 1399 1213 1462 Del-

149 1508 252 1598 phini.
273 1508 445 1570 Accessere
469 1502 627 1567 librorum
653 1504 799 1567 omnium
822 1501 1065 1591 deperditorum
1083 1505 1214 1593 Supple-

149 1629 259 1678 menta
287 1635 346 1700 per
367 1612 419 1674 Jo.
441 1610 705 1688 Freinsbemt'um,
733 1631 803 1695 quae
824 1632 939 1698 magna
961 1632 999 1673 ex
1018 1627 1108 1697 parte
1123 1633 1213 1672 nunc

150 1721 293 1810 primum
313 1715 478 1807 prodeunt
496 1716 529 1777 in
547 1715 663 1779 lucem.
683 1714 780 1778 Paris.
800 1715 887 1802 apud
903 1713 1113 1779 Fredericum
1130 1716 1214 1779 Leo·

150 1824 241 1890 nard
259 1826 342 1888 Cum
360 1821 528 1910 privilegio
544 1819 649 1907 Regis.
663 1819 702 1882 In
716 1819 776 1883 hac
788 1818 839 1882 ed.
852 1819 1063 1884 Freinshemii
1077 1820 1213 1909 Supple-

151 1946 261 1994 menta
278 1929 420 2017 primum
443 1925 571 2014 corpori
589 1923 720 1988 Liviauo
739 1923 860 2002 adjecta
878 1942 964 1988 sunt.
988 1924 1052 1989 Sed
1071 1925 1213 2005 Doujatii

140 2060 250 2126 'opera
266 2035 392 2100 idoneis
406 2032 570 2113 judicibus
587 2055 702 2120 parum
722 2031 857 2120 probata
876 2050 933 2096 est.
953 2034 1028 2120 lpse
1050 2033 1146 2096 etiam
1167 2034 1214 2095 la·

151 2165 251 2206 cunas
265 2139 421 2229 quasdam
438 2137 596 2202 librorum
613 2137 830 2225 posteriorum
846 2137 973 2224 explere
988 2139 1132 2218 tentarit,
1146 2161 1212 2202 uon

152 2248 227 2313 satis
246 2247 390 2312 feliciter.

201 2443 295 2529 1694.
310 2444 468 2507 Patavina
484 2444 519 2523 1,
542 2442 617 2506 roll.
630 2442 669 2522 V,
692 2443 806 2525 in-12,
830 2461 1018 2509 recensente
1036 2444 1078 2508 ad
1094 2446 1216 2532 optima

151 2550 343 2638 exemplaria
364 2548 485 2612 Jacobo
514 2545 726 2631 Giacometto,
755 2551 811 2637 qui
839 2551 980 2639 capitum
1006 2567 1214 2640 argumenta,

151 2656 342 2742 chartasque
359 2654 613 2742 Geograplricas,
641 2670 674 2717 et
689 2655 843 2743 Analysin
859 2657 1065 2721 Rhetoricam
1083 2658 1215 2721 concio-

153 2782 249 2841 num,
276 2759 321 2822 M.
336 2761 410 2823 Ant.
430 2759 552 2823 Feracii
575 2757 683 2822 studio
709 2761 937 2848 compositam,
962 2762 1150 2850 iudicesque
1172 2764 1217 2826 le-

154 2889 250 2956 gum,
278 2865 527 2955 Magistratuum
556 2887 593 2928 ac
622 2864 882 2930 Sacerdotiorum
911 2870 1134 2932 Romanorum
1161 2868 1216 2932 ad·

153 2989 271 3052 Junxrt.

201 3156 294 3241 1696.
321 3153 473 3243 Francos.
504 3155 522 3219 3
547 3156 628 3218 tomi
653 3155 746 3239 itt-8,
775 3156 863 3246 apud
886 3157 973 3222 Frid.
1003 3158 1215 3223 Knochium:

153 3263 190 3326 Τ.
204 3261 313 3325 Livius
328 3261 433 3327 Patar.
444 3261 538 3325 tertia
555 3262 626 3326 tani
644 3260 773 3327 Gruteri
787 3287 863 3328 cura
880 3266 1065 3354 recognitus
1082 3281 1217 3329 curante

47 3418 50 3424 .
155 3367 204 3432 Jo.
218 3365 363 3431 Gerardo
376 3367 538 3451 Arnoldo,
564 3369 730 3456 Gymnasii
752 3371 997 3435 Francofurtani
1013 3374 1158 3436 Rectore.
1179 3373 1217 3434 In

154 3473 215 3538 hac
235 3475 378 3563 capitum
404 3497 536 3562 quoque
561 3474 726 3541 distinctio
749 3493 781 3540 et
803 3478 880 3541 anni
903 3478 1000 3541 Urbis
1019 3480 1053 3540 in
1072 3501 1127 3542 ora
1143 3477 1217 3541 libri

154 3579 258 3644 notati
277 3596 478 3669 comparent,
503 3581 667 3666 praemissa
688 3581 818 3646 editoris
839 3583 1061 3647 dissertatione
1079 3583 1120 3647 de
1137 3583 1218 3648 Livii

152 3685 216 3750 vita
233 3701 266 3750 et
283 3685 419 3774 scriptis.

202 3881 296 3969 1703.
310 3880 408 3943 Lond
424 3880 500 3944 roll.
516 3881 559 3963 ll,
571 3880 651 3948 in·8.
661 3882 825 3948 Fabricius
842 3884 877 3946 in
892 3885 975 3949 Bibl.
989 3885 1056 3949 Lat.
1071 3901 1217 3967 testatur,

154 3988 240 4051 hanc
258 3985 334 4050 edit.
350 3983 391 4048 ad
407 3985 648 4050 Gronorianam
667 3989 875 4070 recensitam,
893 3990 1097 4055 lemmatibus
1115 3992 1218 4055 histo·

154 4092 229 4156 ricis
254 4088 295 4153 ad
319 4092 510 4179 paginarum
528 4115 600 4156 oras
620 4095 759 4176 notatis,
785 4096 968 4185 tabulisque
988 4098 1217 4187 Geographicis

154 4200 344 4262 instructam
360 4219 437 4261 esse.

204 4416 295 4481 ¹7⁰7·
310 4394 470 4458 Patavina
486 4396 534 4476 ΙΙ,
544 4348 621 4462 ¹roll.
635 4398 676 4480 V,
696 4398 801 4464 iti-12.
817 4399 1020 4464 Memoratur
1035 4401 1104 4465 haec
1119 4399 1219 4465 editio

158 4504 193 4565 in
207 4500 304 4565 Catal.
322 4497 398 4563 bibl.
417 4499 592 4582 Hulsianae,
611 4518 689 4568 tom.
704 4503 768 4584 III,
793 4528 881 4570 num.
900 4504 997 4590 5920.
