<?xml version="1.0" encoding="UTF-8"?>
<!DOCTYPE html PUBLIC "-//W3C//DTD XHTML 1.0 Transitional//EN"
    "http://www.w3.org/TR/xhtml1/DTD/xhtml1-transitional.dtd">
<html xmlns="http://www.w3.org/1999/xhtml" xml:lang="en" lang="en">
 <head>
  <title>
</title>
<meta http-equiv="Content-Type" content="text/html;charset=utf-8" />
  <meta name='ocr-system' content='tesseract 3.04.00' />
  <meta name='ocr-capabilities' content='ocr_page ocr_carea ocr_par ocr_line ocrx_word'/>
</head>
<body>
  <div class='ocr_page' id='page_1' title='image "./titusliviuspata03freigoog_0036.png"; bbox 0 0 2752 5056; ppageno 0'>
   <div class='ocr_carea' id='block_1_1' title="bbox 90 807 1279 4003">
    <p class='ocr_par' dir='ltr' id='par_1_1' title="bbox 150 807 1213 1349">
     <span class='ocr_line' id='line_1_1' title="bbox 544 807 1213 916; baseline -0.006 -32"><span class='ocrx_word' id='word_1_1' title='bbox 544 813 809 885; x_wconf 77' lang='lat' dir='ltr'><strong>PRAEFATIO.</strong></span> <span class='ocrx_word' id='word_1_2' title='bbox 991 905 997 916; x_wconf 33' lang='lat'><em>&#39;</em></span> <span class='ocrx_word' id='word_1_3' title='bbox 1165 807 1213 885; x_wconf 75' lang='lat'><strong>23</strong></span> 
     </span>
     <span class='ocr_line' id='line_1_2' title="bbox 150 943 1212 1038; baseline -0.004 -24"><span class='ocrx_word' id='word_1_4' title='bbox 150 949 355 1038; x_wconf 69' lang='lat' dir='ltr'><strong>indiligenter</strong></span> <span class='ocrx_word' id='word_1_5' title='bbox 372 949 521 1037; x_wconf 74' lang='lat' dir='ltr'>exposuit</span> <span class='ocrx_word' id='word_1_6' title='bbox 534 947 591 1033; x_wconf 83' lang='lat' dir='ltr'><strong>(t).</strong></span> <span class='ocrx_word' id='word_1_7' title='bbox 610 945 700 1032; x_wconf 86' lang='lat' dir='ltr'><strong>Quid</strong></span> <span class='ocrx_word' id='word_1_8' title='bbox 717 946 842 1011; x_wconf 84' lang='lat' dir='ltr'><strong>multa?</strong></span> <span class='ocrx_word' id='word_1_9' title='bbox 859 947 891 1010; x_wconf 78' lang='lat' dir='ltr'><strong>si</strong></span> <span class='ocrx_word' id='word_1_10' title='bbox 907 947 983 1009; x_wconf 91' lang='lat' dir='ltr'><strong>binc</strong></span> <span class='ocrx_word' id='word_1_11' title='bbox 999 943 1212 1026; x_wconf 79' lang='lat' dir='ltr'><strong>Livius,iude</strong></span> 
     </span>
     <span class='ocr_line' id='line_1_3' title="bbox 152 1050 1213 1140; baseline -0.006 -21"><span class='ocrx_word' id='word_1_12' title='bbox 152 1055 343 1120; x_wconf 70' lang='lat' dir='ltr'><strong>Plutarchus</strong></span> <span class='ocrx_word' id='word_1_13' title='bbox 356 1052 404 1139; x_wconf 80' lang='lat' dir='ltr'><strong>(a)</strong></span> <span class='ocrx_word' id='word_1_14' title='bbox 424 1068 456 1117; x_wconf 88' lang='lat' dir='ltr'><strong>et</strong></span> <span class='ocrx_word' id='word_1_15' title='bbox 480 1053 653 1140; x_wconf 79' lang='lat' dir='ltr'><strong>Dionysius</strong></span> <span class='ocrx_word' id='word_1_16' title='bbox 671 1050 814 1116; x_wconf 78' lang='lat' dir='ltr'><strong>studiose</strong></span> <span class='ocrx_word' id='word_1_17' title='bbox 833 1066 867 1115; x_wconf 87' lang='lat' dir='ltr'><strong>et</strong></span> <span class='ocrx_word' id='word_1_18' title='bbox 888 1072 973 1127; x_wconf 41' lang='lat' dir='ltr'><strong>cum,</strong></span> <span class='ocrx_word' id='word_1_19' title='bbox 986 1072 1063 1113; x_wconf 86' lang='lat' dir='ltr'><strong>cura</strong></span> <span class='ocrx_word' id='word_1_20' title='bbox 1087 1050 1213 1137; x_wconf 77' lang='lat' dir='ltr'><strong>pervol-</strong></span> 
     </span>
     <span class='ocr_line' id='line_1_4' title="bbox 150 1156 1212 1248; baseline -0.006 -25"><span class='ocrx_word' id='word_1_21' title='bbox 150 1178 278 1240; x_wconf 77' lang='lat' dir='ltr'><strong>vantur,</strong></span> <span class='ocrx_word' id='word_1_22' title='bbox 294 1161 387 1248; x_wconf 84' lang='lat' dir='ltr'><strong>plura</strong></span> <span class='ocrx_word' id='word_1_23' title='bbox 403 1160 507 1225; x_wconf 83' lang='lat' dir='ltr'><strong>multo</strong></span> <span class='ocrx_word' id='word_1_24' title='bbox 525 1182 583 1246; x_wconf 85' lang='lat' dir='ltr'><strong>per</strong></span> <span class='ocrx_word' id='word_1_25' title='bbox 600 1182 634 1222; x_wconf 85' lang='lat' dir='ltr'><strong>se</strong></span> <span class='ocrx_word' id='word_1_26' title='bbox 652 1158 799 1223; x_wconf 79' lang='lat' dir='ltr'><strong>curiosus</strong></span> <span class='ocrx_word' id='word_1_27' title='bbox 816 1156 916 1223; x_wconf 86' lang='lat' dir='ltr'><strong>lectur</strong></span> <span class='ocrx_word' id='word_1_28' title='bbox 932 1157 1093 1235; x_wconf 86' lang='lat' dir='ltr'><strong>inveniet,</strong></span> <span class='ocrx_word' id='word_1_29' title='bbox 1114 1177 1212 1242; x_wconf 72' lang='lat' dir='ltr'><strong>quem</strong></span> 
     </span>
     <span class='ocr_line' id='line_1_5' title="bbox 152 1263 1034 1349; baseline -0.007 -19"><span class='ocrx_word' id='word_1_30' title='bbox 152 1289 211 1332; x_wconf 85' lang='lat' dir='ltr'><strong>nos</strong></span> <span class='ocrx_word' id='word_1_31' title='bbox 228 1267 293 1331; x_wconf 89' lang='lat' dir='ltr'><strong>hoc</strong></span> <span class='ocrx_word' id='word_1_32' title='bbox 309 1267 381 1331; x_wconf 90' lang='lat' dir='ltr'><strong>loco</strong></span> <span class='ocrx_word' id='word_1_33' title='bbox 397 1265 503 1330; x_wconf 82' lang='lat' dir='ltr'><strong>dicere</strong></span> <span class='ocrx_word' id='word_1_34' title='bbox 517 1280 576 1329; x_wconf 80' lang='lat' dir='ltr'><strong>sut</strong></span> <span class='ocrx_word' id='word_1_35' title='bbox 594 1263 758 1342; x_wconf 87' lang='lat' dir='ltr'><strong>volumus,</strong></span> <span class='ocrx_word' id='word_1_36' title='bbox 776 1279 833 1326; x_wconf 89' lang='lat' dir='ltr'><strong>aut</strong></span> <span class='ocrx_word' id='word_1_37' title='bbox 849 1285 1034 1349; x_wconf 82' lang='lat' dir='ltr'><strong>possumus.</strong></span> 
     </span>
    </p>

    <p class='ocr_par' dir='ltr' id='par_1_2' title="bbox 151 1364 1279 1777">
     <span class='ocr_line' id='line_1_6' title="bbox 197 1364 1214 1460; baseline -0.007 -26"><span class='ocrx_word' id='word_1_38' title='bbox 197 1371 296 1452; x_wconf 90' lang='lat' dir='ltr'><strong>Quod</strong></span> <span class='ocrx_word' id='word_1_39' title='bbox 314 1388 435 1460; x_wconf 86' lang='lat' dir='ltr'><strong>spectat</strong></span> <span class='ocrx_word' id='word_1_40' title='bbox 449 1370 489 1434; x_wconf 90' lang='lat' dir='ltr'><strong>ad</strong></span> <span class='ocrx_word' id='word_1_41' title='bbox 504 1386 674 1436; x_wconf 85' lang='lat' dir='ltr'><strong>anctorum</strong></span> <span class='ocrx_word' id='word_1_42' title='bbox 689 1369 759 1432; x_wconf 91' lang='lat' dir='ltr'><strong>loca</strong></span> <span class='ocrx_word' id='word_1_43' title='bbox 775 1390 889 1454; x_wconf 87' lang='lat' dir='ltr'><strong>parum</strong></span> <span class='ocrx_word' id='word_1_44' title='bbox 900 1390 919 1429; x_wconf 87' lang='grc' dir='ltr'><strong>ιι</strong></span> <span class='ocrx_word' id='word_1_45' title='bbox 933 1367 1021 1430; x_wconf 86' lang='lat' dir='ltr'><strong>Livio</strong></span> <span class='ocrx_word' id='word_1_46' title='bbox 1035 1364 1214 1442; x_wconf 69' lang='lat' dir='ltr'><strong>intellecti,</strong></span> 
     </span>
     <span class='ocr_line' id='line_1_7' title="bbox 151 1471 1213 1566; baseline -0.007 -24"><span class='ocrx_word' id='word_1_47' title='bbox 151 1479 293 1566; x_wconf 84' lang='lat' dir='ltr'><strong>primurn</strong></span> <span class='ocrx_word' id='word_1_48' title='bbox 313 1479 497 1565; x_wconf 79' lang='lat' dir='ltr'><strong>exemplum</strong></span> <span class='ocrx_word' id='word_1_49' title='bbox 516 1477 689 1541; x_wconf 75' lang='lat' dir='ltr'><strong>afferemus</strong></span> <span class='ocrx_word' id='word_1_50' title='bbox 709 1496 749 1538; x_wconf 79' lang='lat' dir='ltr'><strong>ex</strong></span> <span class='ocrx_word' id='word_1_51' title='bbox 772 1472 828 1537; x_wconf 89' lang='lat' dir='ltr'><strong>lib.</strong></span> <span class='ocrx_word' id='word_1_52' title='bbox 846 1472 900 1551; x_wconf 91' lang='lat' dir='ltr'><strong>lV,</strong></span> <span class='ocrx_word' id='word_1_53' title='bbox 926 1496 995 1560; x_wconf 72' lang='lat' dir='ltr'><strong>inp.</strong></span> <span class='ocrx_word' id='word_1_54' title='bbox 1016 1471 1074 1552; x_wconf 70' lang='grc'><strong>34,</strong></span> <span class='ocrx_word' id='word_1_55' title='bbox 1093 1471 1150 1535; x_wconf 91' lang='lat' dir='ltr'><strong>ubi</strong></span> <span class='ocrx_word' id='word_1_56' title='bbox 1167 1471 1213 1535; x_wconf 88' lang='lat' dir='ltr'><strong>sic</strong></span> 
     </span>
     <span class='ocr_line' id='line_1_8' title="bbox 152 1576 1213 1668; baseline -0.008 -21"><span class='ocrx_word' id='word_1_57' title='bbox 152 1583 249 1655; x_wconf 83' lang='lat' dir='ltr'><strong>habet</strong></span> <span class='ocrx_word' id='word_1_58' title='bbox 271 1600 399 1648; x_wconf 78' lang='lat' dir='ltr'><strong>noster:</strong></span> <span class='ocrx_word' id='word_1_59' title='bbox 421 1583 608 1647; x_wconf 73' lang='lat' dir='ltr'><strong>«Classibus</strong></span> <span class='ocrx_word' id='word_1_60' title='bbox 625 1629 700 1647; x_wconf 90' lang='grc'><strong>.....</strong></span> <span class='ocrx_word' id='word_1_61' title='bbox 717 1579 759 1643; x_wconf 88' lang='lat' dir='ltr'><strong>ad</strong></span> <span class='ocrx_word' id='word_1_62' title='bbox 779 1578 914 1643; x_wconf 83' lang='lat' dir='ltr'><strong>Fidenas</strong></span> <span class='ocrx_word' id='word_1_63' title='bbox 936 1576 1116 1668; x_wconf 77' lang='lat' dir='ltr'><strong>pugnatum</strong></span> <span class='ocrx_word' id='word_1_64' title='bbox 1137 1598 1213 1640; x_wconf 89' lang='lat' dir='ltr'><strong>cum</strong></span> 
     </span>
     <span class='ocr_line' id='line_1_9' title="bbox 154 1684 1279 1777; baseline -0.004 -27"><span class='ocrx_word' id='word_1_65' title='bbox 154 1722 165 1744; x_wconf 75' lang='grc' dir='ltr'><strong>ιι</strong></span> <span class='ocrx_word' id='word_1_66' title='bbox 179 1690 366 1754; x_wconf 76' lang='lat' dir='ltr'><strong>Veientibus</strong></span> <span class='ocrx_word' id='word_1_67' title='bbox 385 1690 517 1777; x_wconf 89' lang='lat' dir='ltr'><strong>quidam</strong></span> <span class='ocrx_word' id='word_1_68' title='bbox 533 1690 662 1755; x_wconf 85' lang='lat' dir='ltr'><strong>annales</strong></span> <span class='ocrx_word' id='word_1_69' title='bbox 677 1687 837 1753; x_wconf 84' lang='lat' dir='ltr'><strong>retulere:</strong></span> <span class='ocrx_word' id='word_1_70' title='bbox 863 1709 930 1749; x_wconf 90' lang='lat' dir='ltr'><strong>rem</strong></span> <span class='ocrx_word' id='word_1_71' title='bbox 946 1709 1037 1771; x_wconf 81' lang='lat' dir='ltr'><strong>reque</strong></span> <span class='ocrx_word' id='word_1_72' title='bbox 1051 1684 1215 1749; x_wconf 87' lang='lat' dir='ltr'><strong>dil&#39;lioilem</strong></span> <span class='ocrx_word' id='word_1_73' title='bbox 1277 1739 1279 1746; x_wconf 92' lang='lat'>.</span> 
     </span>
    </p>

    <p class='ocr_par' dir='ltr' id='par_1_3' title="bbox 133 1790 1216 2309">
     <span class='ocr_line' id='line_1_10' title="bbox 133 1790 1215 1883; baseline -0.005 -24"><span class='ocrx_word' id='word_1_74' title='bbox 133 1813 277 1883; x_wconf 50' lang='lat' dir='ltr'><strong>*eatque</strong></span> <span class='ocrx_word' id='word_1_75' title='bbox 295 1796 533 1876; x_wconf 83' lang='lat' dir='ltr'><strong>incredibilem,</strong></span> <span class='ocrx_word' id='word_1_76' title='bbox 551 1819 611 1860; x_wconf 86' lang='lat' dir='ltr'><strong>nec</strong></span> <span class='ocrx_word' id='word_1_77' title='bbox 628 1818 717 1859; x_wconf 85' lang='lat' dir='ltr'><strong>nune</strong></span> <span class='ocrx_word' id='word_1_78' title='bbox 732 1794 806 1859; x_wconf 87' lang='lat' dir='ltr'><strong>satis</strong></span> <span class='ocrx_word' id='word_1_79' title='bbox 822 1792 887 1857; x_wconf 84' lang='lat' dir='ltr'><strong>lato</strong></span> <span class='ocrx_word' id='word_1_80' title='bbox 904 1790 944 1855; x_wconf 88' lang='lat' dir='ltr'><strong>ad</strong></span> <span class='ocrx_word' id='word_1_81' title='bbox 964 1791 1026 1855; x_wconf 87' lang='lat' dir='ltr'><strong>hoo</strong></span> <span class='ocrx_word' id='word_1_82' title='bbox 1047 1816 1159 1866; x_wconf 87' lang='lat' dir='ltr'><strong>amne,</strong></span> <span class='ocrx_word' id='word_1_83' title='bbox 1182 1808 1215 1853; x_wconf 89' lang='lat' dir='ltr'><strong>et</strong></span> 
     </span>
     <span class='ocr_line' id='line_1_11' title="bbox 154 1898 1213 1991; baseline -0.007 -25"><span class='ocrx_word' id='word_1_84' title='bbox 154 1919 251 1980; x_wconf 75' lang='lat' dir='ltr'><strong>«tum</strong></span> <span class='ocrx_word' id='word_1_85' title='bbox 267 1903 450 1991; x_wconf 84' lang='lat' dir='ltr'><strong>aliquanto,</strong></span> <span class='ocrx_word' id='word_1_86' title='bbox 471 1921 508 1967; x_wconf 88' lang='lat' dir='ltr'><strong>ut</strong></span> <span class='ocrx_word' id='word_1_87' title='bbox 525 1928 543 1966; x_wconf 88' lang='lat' dir='ltr'><strong>a</strong></span> <span class='ocrx_word' id='word_1_88' title='bbox 560 1902 730 1967; x_wconf 77' lang='lat' dir='ltr'><strong>Veteribus</strong></span> <span class='ocrx_word' id='word_1_89' title='bbox 751 1901 952 1987; x_wconf 83' lang='lat' dir='ltr'><strong>accepimus,</strong></span> <span class='ocrx_word' id='word_1_90' title='bbox 971 1899 1117 1973; x_wconf 82' lang='lat' dir='ltr'><strong>arctiore.</strong></span> <span class='ocrx_word' id='word_1_91' title='bbox 1144 1898 1213 1961; x_wconf 87' lang='lat' dir='ltr'><strong>Nisi</strong></span> 
     </span>
     <span class='ocr_line' id='line_1_12' title="bbox 153 1995 1214 2094; baseline -0.008 -21"><span class='ocrx_word' id='word_1_92' title='bbox 153 2041 164 2063; x_wconf 82' lang='grc'><strong>«</strong></span> <span class='ocrx_word' id='word_1_93' title='bbox 179 2011 212 2074; x_wconf 87' lang='lat' dir='ltr'><strong>in</strong></span> <span class='ocrx_word' id='word_1_94' title='bbox 235 2010 370 2090; x_wconf 85' lang='lat' dir='ltr'><strong>trajectu</strong></span> <span class='ocrx_word' id='word_1_95' title='bbox 390 2010 475 2074; x_wconf 85' lang='lat' dir='ltr'><strong>forte</strong></span> <span class='ocrx_word' id='word_1_96' title='bbox 493 2008 635 2072; x_wconf 84' lang='lat' dir='ltr'><strong>fluminis</strong></span> <span class='ocrx_word' id='word_1_97' title='bbox 656 1995 863 2094; x_wconf 81' lang='lat' dir='ltr'><strong>prohibendo</strong></span> <span class='ocrx_word' id='word_1_98' title='bbox 881 2006 1062 2092; x_wconf 85' lang='lat' dir='ltr'><strong>aliquarum</strong></span> <span class='ocrx_word' id='word_1_99' title='bbox 1085 2004 1214 2066; x_wconf 82' lang='lat' dir='ltr'><strong>narium</strong></span> 
     </span>
     <span class='ocr_line' id='line_1_13' title="bbox 155 2110 1215 2195; baseline -0.006 -17"><span class='ocrx_word' id='word_1_100' title='bbox 155 2138 375 2179; x_wconf 75' lang='lat' dir='ltr'><strong>«concursum</strong></span> <span class='ocrx_word' id='word_1_101' title='bbox 389 2116 421 2179; x_wconf 88' lang='lat' dir='ltr'><strong>in</strong></span> <span class='ocrx_word' id='word_1_102' title='bbox 442 2117 562 2195; x_wconf 81' lang='lat' dir='ltr'><strong>majus,</strong></span> <span class='ocrx_word' id='word_1_103' title='bbox 578 2129 613 2177; x_wconf 91' lang='lat' dir='ltr'><strong>ut</strong></span> <span class='ocrx_word' id='word_1_104' title='bbox 629 2113 680 2193; x_wconf 86' lang='lat' dir='ltr'><strong>lit,</strong></span> <span class='ocrx_word' id='word_1_105' title='bbox 699 2112 915 2191; x_wconf 81' lang='lat' dir='ltr'><strong>celebrantes,</strong></span> <span class='ocrx_word' id='word_1_106' title='bbox 940 2110 1059 2174; x_wconf 88' lang='lat' dir='ltr'><strong>navalis</strong></span> <span class='ocrx_word' id='word_1_107' title='bbox 1076 2110 1215 2173; x_wconf 73' lang='lat' dir='ltr'><strong>victoriae</strong></span> 
     </span>
     <span class='ocr_line' id='line_1_14' title="bbox 154 2215 1216 2309; baseline -0.006 -25"><span class='ocrx_word' id='word_1_108' title='bbox 154 2243 300 2284; x_wconf 81' lang='lat' dir='ltr'><strong>«vanum</strong></span> <span class='ocrx_word' id='word_1_109' title='bbox 319 2221 450 2284; x_wconf 89' lang='lat' dir='ltr'><strong>titulum</strong></span> <span class='ocrx_word' id='word_1_110' title='bbox 466 2220 683 2309; x_wconf 75' lang='lat' dir='ltr'><strong>appetivere».</strong></span> <span class='ocrx_word' id='word_1_111' title='bbox 706 2220 832 2308; x_wconf 83' lang='lat' dir='ltr'><strong>Magnae</strong></span> <span class='ocrx_word' id='word_1_112' title='bbox 850 2240 926 2282; x_wconf 87' lang='lat' dir='ltr'><strong>sane</strong></span> <span class='ocrx_word' id='word_1_113' title='bbox 944 2217 1105 2304; x_wconf 80' lang='lat' dir='ltr'><strong>ambages.</strong></span> <span class='ocrx_word' id='word_1_114' title='bbox 1123 2215 1216 2280; x_wconf 83' lang='lat' dir='ltr'><strong>Diffi-</strong></span> 
     </span>
    </p>

    <p class='ocr_par' dir='ltr' id='par_1_4' title="bbox 100 2320 1217 2413">
     <span class='ocr_line' id='line_1_15' title="bbox 100 2320 1217 2413; baseline -0.005 -24"><span class='ocrx_word' id='word_1_115' title='bbox 100 2357 102 2363; x_wconf 95' lang='lat'><em>·</em></span> <span class='ocrx_word' id='word_1_116' title='bbox 153 2325 221 2388; x_wconf 89' lang='lat' dir='ltr'><strong>cilis</strong></span> <span class='ocrx_word' id='word_1_117' title='bbox 239 2326 326 2389; x_wconf 85' lang='lat' dir='ltr'><strong>visus</strong></span> <span class='ocrx_word' id='word_1_118' title='bbox 345 2343 394 2389; x_wconf 89' lang='lat' dir='ltr'><strong>est</strong></span> <span class='ocrx_word' id='word_1_119' title='bbox 416 2325 506 2388; x_wconf 92' lang='lat' dir='ltr'><strong>Livio</strong></span> <span class='ocrx_word' id='word_1_120' title='bbox 529 2324 656 2388; x_wconf 89' lang='lat' dir='ltr'><strong>nodus:</strong></span> <span class='ocrx_word' id='word_1_121' title='bbox 675 2348 772 2413; x_wconf 83' lang='lat' dir='ltr'><strong>quem</strong></span> <span class='ocrx_word' id='word_1_122' title='bbox 792 2342 899 2388; x_wconf 87' lang='lat' dir='ltr'><strong>tamen</strong></span> <span class='ocrx_word' id='word_1_123' title='bbox 922 2322 1069 2386; x_wconf 83' lang='lat' dir='ltr'><strong>l&#39;acillime</strong></span> <span class='ocrx_word' id='word_1_124' title='bbox 1092 2320 1217 2385; x_wconf 82' lang='lat' dir='ltr'><strong>solvere</strong></span> 
     </span>
    </p>

    <p class='ocr_par' dir='ltr' id='par_1_5' title="bbox 153 2429 1219 3472">
     <span class='ocr_line' id='line_1_16' title="bbox 154 2429 1215 2516; baseline -0.006 -22"><span class='ocrx_word' id='word_1_125' title='bbox 154 2446 323 2516; x_wconf 87' lang='lat' dir='ltr'><strong>potuerat,</strong></span> <span class='ocrx_word' id='word_1_126' title='bbox 342 2429 368 2493; x_wconf 89' lang='lat' dir='ltr'><strong>si</strong></span> <span class='ocrx_word' id='word_1_127' title='bbox 380 2430 568 2495; x_wconf 85' lang='lat' dir='ltr'><strong>attendisset</strong></span> <span class='ocrx_word' id='word_1_128' title='bbox 581 2453 694 2494; x_wconf 83' lang='lat' dir='ltr'><strong>vocem</strong></span> <span class='ocrx_word' id='word_1_129' title='bbox 707 2430 814 2492; x_wconf 80' lang='lat' dir='ltr'><strong>classis</strong></span> <span class='ocrx_word' id='word_1_130' title='bbox 829 2429 1007 2515; x_wconf 87' lang='lat' dir='ltr'><strong>antiquitus</strong></span> <span class='ocrx_word' id='word_1_131' title='bbox 1029 2442 1215 2514; x_wconf 86' lang='lat' dir='ltr'><strong>usurpatam</strong></span> 
     </span>
     <span class='ocr_line' id='line_1_17' title="bbox 155 2530 1218 2623; baseline -0.006 -25"><span class='ocrx_word' id='word_1_132' title='bbox 155 2557 223 2599; x_wconf 87' lang='lat' dir='ltr'><strong>esse</strong></span> <span class='ocrx_word' id='word_1_133' title='bbox 246 2559 306 2623; x_wconf 86' lang='lat' dir='ltr'><strong>pro</strong></span> <span class='ocrx_word' id='word_1_134' title='bbox 323 2535 525 2599; x_wconf 73' lang='lat' dir='ltr'><strong>multitudine</strong></span> <span class='ocrx_word' id='word_1_135' title='bbox 548 2534 726 2614; x_wconf 70' lang='grc' dir='ltr'><strong>Ιιοιιιιίιιιιιι,ι</strong></span> <span class='ocrx_word' id='word_1_136' title='bbox 747 2536 848 2598; x_wconf 90' lang='lat' dir='ltr'><strong>immo</strong></span> <span class='ocrx_word' id='word_1_137' title='bbox 873 2536 1024 2597; x_wconf 63' lang='lat' dir='ltr'><strong>vetustius</strong></span> <span class='ocrx_word' id='word_1_138' title='bbox 1033 2530 1158 2618; x_wconf 80' lang='lat' dir='ltr'><strong>fur&#39;sse,</strong></span> <span class='ocrx_word' id='word_1_139' title='bbox 1182 2547 1218 2593; x_wconf 88' lang='lat' dir='ltr'><strong>ut</strong></span> 
     </span>
     <span class='ocr_line' id='line_1_18' title="bbox 153 2638 1216 2730; baseline -0.001 -27"><span class='ocrx_word' id='word_1_140' title='bbox 153 2641 198 2704; x_wconf 88' lang='lat' dir='ltr'><strong>ait</strong></span> <span class='ocrx_word' id='word_1_141' title='bbox 209 2643 339 2722; x_wconf 87' lang='lat' dir='ltr'><strong>Festus,</strong></span> <span class='ocrx_word' id='word_1_142' title='bbox 355 2641 586 2705; x_wconf 69' lang='lat' dir='ltr'><strong>rnudr&#39;tudinem</strong></span> <span class='ocrx_word' id='word_1_143' title='bbox 605 2642 787 2721; x_wconf 69' lang='lat' dir='ltr'><strong>lunanum,</strong></span> <span class='ocrx_word' id='word_1_144' title='bbox 805 2664 901 2730; x_wconf 83' lang='lat' dir='ltr'><strong>quam</strong></span> <span class='ocrx_word' id='word_1_145' title='bbox 917 2646 1064 2718; x_wconf 79' lang='lat' dir='ltr'><strong>navium,</strong></span> <span class='ocrx_word' id='word_1_146' title='bbox 1083 2638 1216 2703; x_wconf 72' lang='lat' dir='ltr'><strong>(lassent</strong></span> 
     </span>
     <span class='ocr_line' id='line_1_19' title="bbox 153 2745 1219 2836; baseline -0.005 -24"><span class='ocrx_word' id='word_1_147' title='bbox 153 2747 319 2834; x_wconf 81' lang='lat' dir='ltr'><strong>appellari.</strong></span> <span class='ocrx_word' id='word_1_148' title='bbox 336 2747 375 2811; x_wconf 90' lang='lat' dir='ltr'><strong>ld</strong></span> <span class='ocrx_word' id='word_1_149' title='bbox 396 2764 510 2810; x_wconf 88' lang='lat' dir='ltr'><strong>notum</strong></span> <span class='ocrx_word' id='word_1_150' title='bbox 527 2748 683 2836; x_wconf 84' lang='lat' dir='ltr'><strong>Virgilio:</strong></span> <span class='ocrx_word' id='word_1_151' title='bbox 715 2747 802 2812; x_wconf 89' lang='lat' dir='ltr'><strong>unde</strong></span> <span class='ocrx_word' id='word_1_152' title='bbox 815 2746 904 2836; x_wconf 89' lang='lat' dir='ltr'><strong>apud</strong></span> <span class='ocrx_word' id='word_1_153' title='bbox 920 2769 996 2811; x_wconf 87' lang='lat' dir='ltr'><strong>eum</strong></span> <span class='ocrx_word' id='word_1_154' title='bbox 1007 2745 1056 2833; x_wconf 85' lang='lat'><strong>(3)</strong></span> <span class='ocrx_word' id='word_1_155' title='bbox 1076 2745 1219 2809; x_wconf 70' lang='lat' dir='ltr'><strong>Hortinae</strong></span> 
     </span>
     <span class='ocr_line' id='line_1_20' title="bbox 153 2853 1216 2942; baseline -0.004 -25"><span class='ocrx_word' id='word_1_156' title='bbox 153 2855 264 2918; x_wconf 81' lang='lat' dir='ltr'><strong>classes</strong></span> <span class='ocrx_word' id='word_1_157' title='bbox 277 2877 336 2940; x_wconf 87' lang='lat' dir='ltr'><strong>pro</strong></span> <span class='ocrx_word' id='word_1_158' title='bbox 348 2855 535 2941; x_wconf 76' lang='lat' dir='ltr'><strong>equestribus</strong></span> <span class='ocrx_word' id='word_1_159' title='bbox 550 2856 661 2942; x_wconf 78' lang='lat' dir='ltr'><strong>copiis,</strong></span> <span class='ocrx_word' id='word_1_160' title='bbox 683 2854 793 2919; x_wconf 83' lang='lat' dir='ltr'><strong>Servio</strong></span> <span class='ocrx_word' id='word_1_161' title='bbox 811 2855 997 2941; x_wconf 85' lang='lat' dir='ltr'><strong>interprete.</strong></span> <span class='ocrx_word' id='word_1_162' title='bbox 1024 2853 1076 2916; x_wconf 81' lang='lat' dir='ltr'><strong>sic</strong></span> <span class='ocrx_word' id='word_1_163' title='bbox 1094 2869 1126 2915; x_wconf 88' lang='lat' dir='ltr'><strong>et</strong></span> <span class='ocrx_word' id='word_1_164' title='bbox 1141 2875 1216 2938; x_wconf 83' lang='lat' dir='ltr'><strong>pro-</strong></span> 
     </span>
     <span class='ocr_line' id='line_1_21' title="bbox 154 2955 1218 3048; baseline -0.006 -23"><span class='ocrx_word' id='word_1_165' title='bbox 154 2965 260 3025; x_wconf 80' lang='lat' dir='ltr'><strong>cincta</strong></span> <span class='ocrx_word' id='word_1_166' title='bbox 269 2959 377 3024; x_wconf 73' lang='lat' dir='ltr'><strong>classis</strong></span> <span class='ocrx_word' id='word_1_167' title='bbox 387 2963 526 3026; x_wconf 84' lang='lat' dir='ltr'><strong>sumitur</strong></span> <span class='ocrx_word' id='word_1_168' title='bbox 539 2985 598 3048; x_wconf 87' lang='lat' dir='ltr'><strong>pro</strong></span> <span class='ocrx_word' id='word_1_169' title='bbox 616 2962 687 3023; x_wconf 84' lang='lat' dir='ltr'><strong>acie</strong></span> <span class='ocrx_word' id='word_1_170' title='bbox 702 2965 854 3026; x_wconf 67' lang='lat' dir='ltr'><strong>destructa</strong></span> <span class='ocrx_word' id='word_1_171' title='bbox 863 2960 920 3047; x_wconf 70' lang='lat' dir='ltr'><strong>(l)</strong></span> <span class='ocrx_word' id='word_1_172' title='bbox 932 2962 1002 3023; x_wconf 89' lang='lat' dir='ltr'><strong>lloc</strong></span> <span class='ocrx_word' id='word_1_173' title='bbox 1014 2958 1112 3022; x_wconf 88' lang='lat' dir='ltr'><strong>semel</strong></span> <span class='ocrx_word' id='word_1_174' title='bbox 1128 2955 1218 3020; x_wconf 90' lang='lat' dir='ltr'><strong>intel·</strong></span> 
     </span>
     <span class='ocr_line' id='line_1_22' title="bbox 156 3063 1218 3152; baseline -0.003 -23"><span class='ocrx_word' id='word_1_175' title='bbox 156 3065 260 3146; x_wconf 86' lang='lat' dir='ltr'><strong>lecto,</strong></span> <span class='ocrx_word' id='word_1_176' title='bbox 290 3067 378 3132; x_wconf 89' lang='lat' dir='ltr'><strong>nulla</strong></span> <span class='ocrx_word' id='word_1_177' title='bbox 401 3068 466 3146; x_wconf 82' lang='lat' dir='ltr'><strong>jam</strong></span> <span class='ocrx_word' id='word_1_178' title='bbox 489 3083 634 3131; x_wconf 86' lang='lat' dir='ltr'><strong>remanet</strong></span> <span class='ocrx_word' id='word_1_179' title='bbox 659 3065 847 3147; x_wconf 83' lang='lat' dir='ltr'><strong>difficultas,</strong></span> <span class='ocrx_word' id='word_1_180' title='bbox 874 3089 934 3128; x_wconf 91' lang='lat' dir='ltr'><strong>nec</strong></span> <span class='ocrx_word' id='word_1_181' title='bbox 958 3064 1045 3128; x_wconf 87' lang='lat' dir='ltr'><strong>aliud</strong></span> <span class='ocrx_word' id='word_1_182' title='bbox 1070 3063 1218 3152; x_wconf 84' lang='lat' dir='ltr'><strong>prolecto</strong></span> 
     </span>
     <span class='ocr_line' id='line_1_23' title="bbox 154 3172 1218 3257; baseline -0.003 -23"><span class='ocrx_word' id='word_1_183' title='bbox 154 3189 276 3237; x_wconf 83' lang='lat' dir='ltr'><strong>veteres</strong></span> <span class='ocrx_word' id='word_1_184' title='bbox 292 3173 335 3236; x_wconf 88' lang='lat' dir='ltr'><strong>illi</strong></span> <span class='ocrx_word' id='word_1_185' title='bbox 352 3173 483 3236; x_wconf 79' lang='lat' dir='ltr'><strong>annales</strong></span> <span class='ocrx_word' id='word_1_186' title='bbox 500 3173 668 3239; x_wconf 88' lang='lat' dir='ltr'><strong>memorati</strong></span> <span class='ocrx_word' id='word_1_187' title='bbox 683 3195 702 3236; x_wconf 82' lang='lat' dir='ltr'><strong>t</strong></span> <span class='ocrx_word' id='word_1_188' title='bbox 717 3173 807 3236; x_wconf 85' lang='lat' dir='ltr'><strong>Livio</strong></span> <span class='ocrx_word' id='word_1_189' title='bbox 825 3172 973 3251; x_wconf 86' lang='lat' dir='ltr'><strong>voluere,</strong></span> <span class='ocrx_word' id='word_1_190' title='bbox 988 3193 1108 3257; x_wconf 91' lang='lat' dir='ltr'><strong>quam,</strong></span> <span class='ocrx_word' id='word_1_191' title='bbox 1126 3192 1218 3232; x_wconf 79' lang='lat' dir='ltr'><strong>exer·</strong></span> 
     </span>
     <span class='ocr_line' id='line_1_24' title="bbox 154 3275 1219 3364; baseline -0.002 -24"><span class='ocrx_word' id='word_1_192' title='bbox 154 3279 271 3342; x_wconf 88' lang='lat' dir='ltr'><strong>citibus</strong></span> <span class='ocrx_word' id='word_1_193' title='bbox 287 3279 472 3358; x_wconf 86' lang='lat' dir='ltr'><strong>instructis,</strong></span> <span class='ocrx_word' id='word_1_194' title='bbox 483 3280 543 3358; x_wconf 85' lang='lat' dir='ltr'><strong>vel,</strong></span> <span class='ocrx_word' id='word_1_195' title='bbox 561 3295 598 3341; x_wconf 84' lang='lat' dir='ltr'><strong>ut</strong></span> <span class='ocrx_word' id='word_1_196' title='bbox 612 3278 724 3343; x_wconf 87' lang='lat' dir='ltr'><strong>maluit</strong></span> <span class='ocrx_word' id='word_1_197' title='bbox 737 3279 817 3342; x_wconf 81' lang='lat' dir='ltr'><strong>Tan.</strong></span> <span class='ocrx_word' id='word_1_198' title='bbox 832 3277 1001 3364; x_wconf 80' lang='lat' dir='ltr'><strong>Faber(5),</strong></span> <span class='ocrx_word' id='word_1_199' title='bbox 1013 3277 1066 3340; x_wconf 89' lang='lat' dir='ltr'><strong>cui</strong></span> <span class='ocrx_word' id='word_1_200' title='bbox 1079 3275 1219 3339; x_wconf 88' lang='lat' dir='ltr'><strong>debetur</strong></span> 
     </span>
     <span class='ocr_line' id='line_1_25' title="bbox 157 3381 1218 3472; baseline -0.003 -28"><span class='ocrx_word' id='word_1_201' title='bbox 157 3382 252 3460; x_wconf 78' lang='lat' dir='ltr'><strong>liujus</strong></span> <span class='ocrx_word' id='word_1_202' title='bbox 272 3382 349 3447; x_wconf 88' lang='lat' dir='ltr'><strong>nodi</strong></span> <span class='ocrx_word' id='word_1_203' title='bbox 364 3383 550 3463; x_wconf 87' lang='lat' dir='ltr'><strong>dissolutio,</strong></span> <span class='ocrx_word' id='word_1_204' title='bbox 574 3385 778 3471; x_wconf 85' lang='lat' dir='ltr'><strong>equestribus</strong></span> <span class='ocrx_word' id='word_1_205' title='bbox 801 3384 902 3472; x_wconf 89' lang='lat' dir='ltr'><strong>copiis</strong></span> <span class='ocrx_word' id='word_1_206' title='bbox 924 3382 965 3447; x_wconf 90' lang='lat' dir='ltr'><strong>ad</strong></span> <span class='ocrx_word' id='word_1_207' title='bbox 987 3381 1124 3446; x_wconf 80' lang='lat' dir='ltr'><strong>Fidenas</strong></span> <span class='ocrx_word' id='word_1_208' title='bbox 1141 3403 1218 3444; x_wconf 86' lang='lat' dir='ltr'><strong>eum</strong></span> 
     </span>
    </p>

    <p class='ocr_par' dir='ltr' id='par_1_6' title="bbox 159 3488 1182 3578">
     <span class='ocr_line' id='line_1_26' title="bbox 159 3488 1182 3578; baseline 0.007 -31"><span class='ocrx_word' id='word_1_209' title='bbox 159 3488 344 3553; x_wconf 83' lang='lat' dir='ltr'><strong>Veientibus</strong></span> <span class='ocrx_word' id='word_1_210' title='bbox 360 3506 541 3578; x_wconf 77' lang='lat' dir='ltr'><strong>pugnatum</strong></span> <span class='ocrx_word' id='word_1_211' title='bbox 558 3514 635 3555; x_wconf 84' lang='lat' dir='ltr'><strong>esse.</strong></span> <span class='ocrx_word' id='word_1_212' title='bbox 796 3522 801 3533; x_wconf 90' lang='lat'><strong>·</strong></span> <span class='ocrx_word' id='word_1_213' title='bbox 968 3539 971 3546; x_wconf 85' lang='lat'>.</span> <span class='ocrx_word' id='word_1_214' title='bbox 1178 3549 1182 3554; x_wconf 90' lang='lat'>.</span> 
     </span>
    </p>

    <p class='ocr_par' dir='ltr' id='par_1_7' title="bbox 90 3594 1220 3684">
     <span class='ocr_line' id='line_1_27' title="bbox 90 3594 1220 3684; baseline -0.004 -24"><span class='ocrx_word' id='word_1_215' title='bbox 90 3624 94 3637; x_wconf 91' lang='lat'>·</span> <span class='ocrx_word' id='word_1_216' title='bbox 201 3595 268 3659; x_wconf 90' lang='lat' dir='ltr'><strong>Nec</strong></span> <span class='ocrx_word' id='word_1_217' title='bbox 284 3596 391 3659; x_wconf 87' lang='lat' dir='ltr'><strong>minus</strong></span> <span class='ocrx_word' id='word_1_218' title='bbox 405 3598 437 3658; x_wconf 90' lang='lat' dir='ltr'><strong>in</strong></span> <span class='ocrx_word' id='word_1_219' title='bbox 451 3597 587 3684; x_wconf 79' lang='lat' dir='ltr'><strong>Polybio</strong></span> <span class='ocrx_word' id='word_1_220' title='bbox 606 3597 768 3663; x_wconf 80' lang='lat' dir='ltr'><strong>interdum</strong></span> <span class='ocrx_word' id='word_1_221' title='bbox 788 3595 944 3661; x_wconf 83' lang='lat' dir='ltr'><strong>vertendo</strong></span> <span class='ocrx_word' id='word_1_222' title='bbox 960 3597 1067 3658; x_wconf 84' lang='lat' dir='ltr'><strong>Livius</strong></span> <span class='ocrx_word' id='word_1_223' title='bbox 1086 3594 1220 3657; x_wconf 87' lang='lat' dir='ltr'><strong>halluci-</strong></span> 
     </span>
    </p>

    <p class='ocr_par' dir='ltr' id='par_1_8' title="bbox 150 3700 1218 3791">
     <span class='ocr_line' id='line_1_28' title="bbox 150 3700 1218 3791; baseline 0.001 -28"><span class='ocrx_word' id='word_1_224' title='bbox 150 3716 322 3763; x_wconf 83' lang='lat' dir='ltr'><strong>natusest.</strong></span> <span class='ocrx_word' id='word_1_225' title='bbox 339 3702 391 3764; x_wconf 87' lang='lat' dir='ltr'><strong>Sic</strong></span> <span class='ocrx_word' id='word_1_226' title='bbox 407 3700 461 3768; x_wconf 90' lang='lat' dir='ltr'><strong>lib.</strong></span> <span class='ocrx_word' id='word_1_227' title='bbox 481 3704 644 3785; x_wconf 62' lang='lat' dir='ltr'><strong>xxxin,</strong></span> <span class='ocrx_word' id='word_1_228' title='bbox 661 3727 731 3791; x_wconf 79' lang='lat' dir='ltr'><strong>rap.</strong></span> <span class='ocrx_word' id='word_1_229' title='bbox 747 3704 806 3783; x_wconf 82' lang='lat'><strong>35,</strong></span> <span class='ocrx_word' id='word_1_230' title='bbox 830 3726 934 3790; x_wconf 90' lang='lat' dir='ltr'><strong>quum</strong></span> <span class='ocrx_word' id='word_1_231' title='bbox 957 3702 1112 3789; x_wconf 87' lang='lat' dir='ltr'><strong>reperiret</strong></span> <span class='ocrx_word' id='word_1_232' title='bbox 1131 3700 1218 3788; x_wconf 87' lang='lat' dir='ltr'><strong>apud</strong></span> 
     </span>
    </p>

    <p class='ocr_par' dir='ltr' id='par_1_9' title="bbox 156 3805 1219 3897">
     <span class='ocr_line' id='line_1_29' title="bbox 156 3805 1219 3897; baseline -0.001 -26"><span class='ocrx_word' id='word_1_233' title='bbox 156 3805 327 3892; x_wconf 73' lang='lat' dir='ltr'><strong>Polybium</strong></span> <span class='ocrx_word' id='word_1_234' title='bbox 343 3806 391 3893; x_wconf 83' lang='lat'><strong>(6)</strong></span> <span class='ocrx_word' id='word_1_235' title='bbox 402 3853 412 3886; x_wconf 84' lang='lat'>‚</span> <span class='ocrx_word' id='word_1_236' title='bbox 425 3808 614 3873; x_wconf 88' lang='lat' dir='ltr'><strong>Cornelium</strong></span> <span class='ocrx_word' id='word_1_237' title='bbox 634 3810 772 3897; x_wconf 79' lang='lat' dir='ltr'><strong>legatum</strong></span> <span class='ocrx_word' id='word_1_238' title='bbox 792 3828 962 3872; x_wconf 84' lang='lat' dir='ltr'><strong>romanum</strong></span> <span class='ocrx_word' id='word_1_239' title='bbox 982 3809 1105 3872; x_wconf 84' lang='lat' dir='ltr'><strong>venisse</strong></span> <span class='ocrx_word' id='word_1_240' title='bbox 1118 3818 1160 3870; x_wconf 66' lang='lat' dir='ltr'><strong>tel</strong></span> <span class='ocrx_word' id='word_1_241' title='bbox 1175 3822 1219 3876; x_wconf 66' lang='lat' dir='ltr'><strong>zris</strong></span> 
     </span>
    </p>

    <p class='ocr_par' dir='ltr' id='par_1_10' title="bbox 156 3904 1219 4003">
     <span class='ocr_line' id='line_1_30' title="bbox 156 3904 1219 4003; baseline 0.007 -31"><span class='ocrx_word' id='word_1_242' title='bbox 156 3927 204 3974; x_wconf 73' lang='grc' dir='ltr'><strong>τῶν</strong></span> <span class='ocrx_word' id='word_1_243' title='bbox 217 3929 343 3991; x_wconf 60' lang='lat' dir='ltr'><strong>erpeium</strong></span> <span class='ocrx_word' id='word_1_244' title='bbox 360 3919 476 3980; x_wconf 71' lang='grc' dir='ltr'><strong>σύνοδοι,</strong></span> <span class='ocrx_word' id='word_1_245' title='bbox 492 3913 525 3978; x_wconf 88' lang='lat' dir='ltr'><strong>id</strong></span> <span class='ocrx_word' id='word_1_246' title='bbox 545 3930 611 3989; x_wconf 87' lang='lat' dir='ltr'><strong>est,</strong></span> <span class='ocrx_word' id='word_1_247' title='bbox 636 3933 670 3978; x_wconf 87' lang='lat' dir='ltr'><strong>ut</strong></span> <span class='ocrx_word' id='word_1_248' title='bbox 690 3915 878 3979; x_wconf 88' lang='lat' dir='ltr'><strong>dubitanter</strong></span> <span class='ocrx_word' id='word_1_249' title='bbox 898 3914 1049 4003; x_wconf 87' lang='lat' dir='ltr'><strong>quidem,</strong></span> <span class='ocrx_word' id='word_1_250' title='bbox 1074 3904 1130 3980; x_wconf 86' lang='lat' dir='ltr'><strong>sed</strong></span> <span class='ocrx_word' id='word_1_251' title='bbox 1144 3940 1219 3981; x_wconf 88' lang='lat' dir='ltr'><strong>vere</strong></span> 
     </span>
    </p>
   </div>
   <div class='ocr_carea' id='block_1_2' title="bbox 191 4128 920 4546">
    <p class='ocr_par' dir='ltr' id='par_1_11' title="bbox 191 4128 411 4191">
     <span class='ocr_line' id='line_1_31' title="bbox 191 4128 411 4191; baseline 0.005 -17"><span class='ocrx_word' id='word_1_252' title='bbox 191 4128 229 4191; x_wconf 87' lang='grc' dir='ltr'><strong>(ι)</strong></span> <span class='ocrx_word' id='word_1_253' title='bbox 249 4129 301 4176; x_wconf 89' lang='lat' dir='ltr'><strong>Lib.</strong></span> <span class='ocrx_word' id='word_1_254' title='bbox 316 4130 411 4190; x_wconf 80' lang='lat'><strong>11,33.</strong></span> 
     </span>
    </p>

    <p class='ocr_par' dir='ltr' id='par_1_12' title="bbox 192 4217 817 4284">
     <span class='ocr_line' id='line_1_32' title="bbox 192 4217 817 4284; baseline 0.005 -21"><span class='ocrx_word' id='word_1_255' title='bbox 192 4219 230 4278; x_wconf 78' lang='lat' dir='ltr'><strong>(a)</strong></span> <span class='ocrx_word' id='word_1_256' title='bbox 250 4217 313 4265; x_wconf 86' lang='lat' dir='ltr'><strong>Plut.</strong></span> <span class='ocrx_word' id='word_1_257' title='bbox 324 4220 349 4263; x_wconf 90' lang='lat' dir='ltr'><strong>iu</strong></span> <span class='ocrx_word' id='word_1_258' title='bbox 364 4219 486 4275; x_wconf 77' lang='lat' dir='ltr'><strong>llomtrlo,</strong></span> <span class='ocrx_word' id='word_1_259' title='bbox 503 4219 594 4276; x_wconf 81' lang='lat' dir='ltr'><strong>Numu,</strong></span> <span class='ocrx_word' id='word_1_260' title='bbox 610 4222 704 4284; x_wconf 79' lang='lat' dir='ltr'><strong>l&#39;oplie.</strong></span> <span class='ocrx_word' id='word_1_261' title='bbox 715 4221 817 4268; x_wconf 82' lang='lat' dir='ltr'><strong>Marcio.</strong></span> 
     </span>
    </p>

    <p class='ocr_par' dir='ltr' id='par_1_13' title="bbox 192 4304 421 4379">
     <span class='ocr_line' id='line_1_33' title="bbox 192 4304 421 4379; baseline 0.013 -28"><span class='ocrx_word' id='word_1_262' title='bbox 192 4304 230 4379; x_wconf 79' lang='lat'><strong>(3)</strong></span> <span class='ocrx_word' id='word_1_263' title='bbox 251 4308 301 4352; x_wconf 77' lang='lat' dir='ltr'><strong>AEn.</strong></span> <span class='ocrx_word' id='word_1_264' title='bbox 313 4307 354 4352; x_wconf 86' lang='lat' dir='ltr'><strong>lib.</strong></span> <span class='ocrx_word' id='word_1_265' title='bbox 367 4309 421 4355; x_wconf 88' lang='lat' dir='ltr'><strong>Vll.</strong></span> 
     </span>
    </p>

    <p class='ocr_par' dir='ltr' id='par_1_14' title="bbox 192 4388 920 4546">
     <span class='ocr_line' id='line_1_34' title="bbox 192 4388 920 4464; baseline 0.011 -25"><span class='ocrx_word' id='word_1_266' title='bbox 192 4397 232 4456; x_wconf 68' lang='grc'><strong>(4)</strong></span> <span class='ocrx_word' id='word_1_267' title='bbox 253 4398 335 4441; x_wconf 83' lang='lat' dir='ltr'><strong>Festus</strong></span> <span class='ocrx_word' id='word_1_268' title='bbox 350 4397 375 4441; x_wconf 93' lang='lat' dir='ltr'><strong>iu</strong></span> <span class='ocrx_word' id='word_1_269' title='bbox 390 4396 435 4442; x_wconf 83' lang='lat' dir='ltr'><strong>hac</strong></span> <span class='ocrx_word' id='word_1_270' title='bbox 451 4398 501 4460; x_wconf 85' lang='lat' dir='ltr'><strong>ipsa</strong></span> <span class='ocrx_word' id='word_1_271' title='bbox 518 4412 591 4451; x_wconf 75' lang='lat' dir='ltr'><strong>ruer,</strong></span> <span class='ocrx_word' id='word_1_272' title='bbox 609 4408 632 4443; x_wconf 86' lang='lat' dir='ltr'><strong>et</strong></span> <span class='ocrx_word' id='word_1_273' title='bbox 647 4388 710 4445; x_wconf 55' lang='lat' dir='ltr'><strong>(illl.</strong></span> <span class='ocrx_word' id='word_1_274' title='bbox 727 4398 770 4445; x_wconf 86' lang='lat' dir='ltr'><strong>lib.</strong></span> <span class='ocrx_word' id='word_1_275' title='bbox 784 4401 803 4459; x_wconf 84' lang='lat'><strong>1,</strong></span> <span class='ocrx_word' id='word_1_276' title='bbox 813 4410 864 4464; x_wconf 70' lang='grc' dir='ltr'><strong>ιη).</strong></span> <span class='ocrx_word' id='word_1_277' title='bbox 883 4418 888 4446; x_wconf 92' lang='grc' dir='ltr'>ι</span> <span class='ocrx_word' id='word_1_278' title='bbox 901 4419 920 4448; x_wconf 88' lang='lat' dir='ltr'><strong>t.</strong></span> 
     </span>
     <span class='ocr_line' id='line_1_35' title="bbox 194 4483 651 4546; baseline 0.009 -18"><span class='ocrx_word' id='word_1_279' title='bbox 194 4484 232 4546; x_wconf 79' lang='lat'><strong>(5)</strong></span> <span class='ocrx_word' id='word_1_280' title='bbox 252 4486 280 4529; x_wconf 90' lang='lat' dir='ltr'><strong>ln</strong></span> <span class='ocrx_word' id='word_1_281' title='bbox 296 4495 354 4529; x_wconf 80' lang='lat' dir='ltr'><strong>notu</strong></span> <span class='ocrx_word' id='word_1_282' title='bbox 369 4484 400 4530; x_wconf 86' lang='lat' dir='ltr'><strong>ad</strong></span> <span class='ocrx_word' id='word_1_283' title='bbox 412 4485 476 4532; x_wconf 87' lang='lat' dir='ltr'><strong>huuc</strong></span> <span class='ocrx_word' id='word_1_284' title='bbox 488 4486 550 4532; x_wconf 84' lang='lat' dir='ltr'><strong>Livii</strong></span> <span class='ocrx_word' id='word_1_285' title='bbox 560 4483 651 4532; x_wconf 79' lang='lat' dir='ltr'><strong>locum.</strong></span> 
     </span>
    </p>
   </div>
   <div class='ocr_carea' id='block_1_3' title="bbox 194 4569 370 4635">
    <p class='ocr_par' dir='ltr' id='par_1_15' title="bbox 194 4569 370 4635">
     <span class='ocr_line' id='line_1_36' title="bbox 194 4569 370 4635; baseline 0.017 -18"><span class='ocrx_word' id='word_1_286' title='bbox 194 4569 370 4635; x_wconf 55' lang='lat' dir='ltr'><strong>(surgun</strong></span> 
     </span>
    </p>
   </div>
   <div class='ocr_carea' id='block_1_4' title="bbox 0 0 1390 5056">
    <p class='ocr_par' dir='ltr' id='par_1_16' title="bbox 0 0 1390 5056">
     <span class='ocr_line' id='line_1_37' title="bbox 0 0 1390 5056; baseline 0 0"><span class='ocrx_word' id='word_1_287' title='bbox 0 0 1390 5056; x_wconf 95' lang='lat' dir='ltr'><strong> </strong></span> 
     </span>
    </p>
   </div>
  </div>
 </body>
</html>
