2752 5056
147 782 216 853 330
399 776 622 845 NOTITIA
652 774 952 843 LITERARIA

194 908 288 985 1543.
308 906 407 968 Parti.
427 904 481 966 fol.
501 926 552 990 ap.
571 901 669 965 Mich.
689 902 920 965 vascosanum.
944 898 1138 989 Appositus
1158 897 1231 985 qui·

147 1016 222 1079 dem
240 1011 352 1075 titulus
374 1024 524 1087 testatur,
542 1007 669 1069 Livium
686 1008 777 1070 hunc
796 1004 956 1093 prodiisse
974 1004 1124 1067 Parisiis
1143 1002 1233 1091 apud

150 1120 339 1184 Artdoenum
367 1117 507 1180 Parvum
533 1114 589 1177 sub
615 1113 698 1177 Lilt'o
725 1136 821 1177 aureo
847 1113 896 1176 ad
917 1113 1040 1177 Divum
1069 1108 1230 1174 Iacobum

148 1224 353 1301 MDXLIII5
369 1244 483 1283 verum
495 1219 717 1308 privilegium,
734 1234 772 1281 ut
785 1215 891 1282 Livius
905 1218 971 1281 lroc
984 1214 1096 1280 ruodo
1113 1214 1230 1303 impri-

147 1348 302 1409 meretur,
320 1331 456 1391 Senatus
475 1325 660 1389 Parisiensis
676 1347 764 1389 anno
784 1324 865 1402 1542
884 1346 976 1388 nono
993 1321 1145 1387 Kalend.
1163 1320 1232 1383 No·

148 1438 254 1501 vcmb.
284 1434 443 1498 concessit
473 1430 627 1494 Miclracli
650 1431 832 1494 Vascosano
858 1442 889 1493 et
914 1428 1083 1494 Audoerto
1111 1428 1230 1491 Parvo.

149 1543 278 1606 Titulus
300 1539 413 1617 etiam,
442 1537 499 1624 qui
523 1518 786 1600 annoiationibus
808 1535 968 1615 adjunctis
990 1532 1232 1623 praemittitur,

151 1647 270 1711 desinit
283 1645 343 1707 hac
355 1643 492 1705 formula
504 1664 512 1705 ε
527 1642 656 1705 Parisiis
663 1642 857 1730 irprirnebat
864 1640 1009 1705 Micltaal
1018 1640 1058 1701 V
1054 1658 1233 1701 ascosanus

152 1753 210 1815 sibi
218 1767 248 1814 et
260 1750 382 1813 Odoiuo
398 1748 511 1811 Parvo.
529 1747 623 1811 Unde
637 1748 771 1837 colligo,
786 1746 961 1810 editionem
971 1746 1063 1809 hane
1073 1764 1232 1809 excusam

152 1879 221 1920 esse
239 1856 323 1942 typis
341 1853 528 1932 Vascomni,
547 1852 709 1917 venditam
729 1869 836 1916 autern
853 1852 951 1915 fuisse
966 1851 1093 1939 partim
1111 1850 1156 1913 ab
1176 1870 1233 1927 eo,

153 1961 268 2049 partim
285 1959 325 2021 ab
343 1957 474 2020 Odoino
486 1959 599 2021 Parvo.
613 1959 689 2021 Haec
703 1973 811 2021 autent
826 1954 924 2019 editio
937 1978 1006 2017 non
1022 1952 1132 2018 niodo
1150 1976 1234 2017 con·

155 2069 237 2130 tinet
253 2067 377 2143 onmia,
401 2048 473 2150 quae
492 2064 674 2150 praecedens
689 2063 914 2152 Lugdunensis
936 2060 1137 2149 Gryphiaua
1156 2058 1235 2123 anni

160 2172 259 2251 15423
274 2193 386 2233 verum
401 2169 496 2231 ctiam
511 2168 657 2233 satellici
674 2169 826 2256 pauculas
842 2166 1086 2230 annotationes.

209 2399 301 2478 1543.
311 2400 456 2479 omitt,
464 2399 519 2463 fol.
528 2402 605 2463 «Titi
615 2402 697 2464 Livii
708 2403 777 2465 Pat.
789 2402 909 2466 Latinae
918 2399 1064 2464 historiae
1074 2397 1238 2487 principis

160 2507 302 2572 Dccades
317 2522 380 2569 trcs
394 2531 468 2570 cunr
483 2507 633 2589 dimidia,
645 2510 741 2596 longe
755 2526 860 2571 tamen
875 2530 971 2596 quarn
984 2528 1098 2593 nuper
1108 2526 1241 2569 emacu-

163 2615 303 2693 latiores,
321 2612 410 2698 qnod
427 2636 516 2676 nunc
531 2612 662 2677 demum
686 2614 726 2677 ad
742 2631 848 2677 vetera
867 2612 1109 2676 contulerimus
1129 2634 1241 2675 exem·

164 2718 278 2805 pluria,
303 2718 361 2779 ubi
388 2735 545 2805 quantum
571 2722 612 2783 sit
635 2719 872 2809 deprehensum
898 2716 1117 2799 mendorum,
1145 2716 1241 2781 facile

165 2822 353 2885 indicabunt
372 2824 563 2889 doctissimae
581 2826 615 2889 in
637 2827 725 2890 hunc
743 2844 908 2890 auctorem
925 2826 1014 2888 Beati
1033 2824 1194 2887 therraru'
1210 2837 1244 2885 et

165 2928 361 3015 Sigismundi
378 2929 503 2995 Gelcnt't'
515 2932 674 3012 adjuncta.
687 2934 921 2996 annotationes.
938 2929 1057 2994 Addita
1070 2946 1127 2993 est
1140 2930 1245 2993 Chro-

166 3033 293 3121 nologia
311 3035 441 3098 Henrici
461 3034 630 3115 Glaucum,
649 3038 688 3101 ab
704 3038 775 3126 ipso
792 3036 956 3126 recognita
971 3050 1003 3098 et
1019 3050 1119 3099 aucta
1135 3058 1144 3100 ε
1163 3056 1242 3097 cum

167 3140 295 3225 gemino
317 3140 442 3224 Iudice,
468 3166 609 3229 quornm
635 3143 734 3225 altor,
759 3145 815 3231 qui
839 3159 888 3207 est
912 3142 1112 3207 Orationum
1140 3140 1243 3219 hujus

167 3246 306 3307 auctoris
316 3295 323 3325 ,
334 3247 398 3325 jarn
411 3249 552 3334 primum
564 3250 705 3313 accessit.
717 3251 846 3313 Basilcae
855 3272 914 3337 per
922 3249 1011 3313 Joan.
1023 3247 1242 3333 Her-vagitant.

171 3358 265 3413 Anno
277 3353 449 3416 atuxtttt
496 3356 582 3443 Ergo
594 3372 642 3418 cst
656 3357 805 3444 repetitio
818 3354 869 3419 ed.
882 3352 1244 3419 1535.P1aeminuntur

169 3456 232 3544 Sig.
249 3457 387 3538 Gelenii‚
405 3460 527 3522 Erasini
545 3462 652 3524 Rotcr.
671 3486 722 3525 an.
747 3460 840 3541 1531,
854 3458 997 3549 epistolae
1011 3456 1243 3535 dedicatoriam,

170 3564 202 3623 B.
215 3563 362 3625 Rhenani
378 3580 410 3626 ct
426 3564 489 3651 sig,
504 3564 628 3628 Gelenii
639 3568 878 3647 annotationes,
892 3589 923 3653 p.
940 3562 1123 3628 1-65.Dein
1135 3582 1242 3649 quum

169 3668 255 3730 Flori
277 3669 419 3755 epitome
440 3669 515 3733 hist.
543 3670 640 3751 Livii,
665 3688 735 3734 turn
758 3671 837 3736 Livii
861 3668 1003 3734 Decades
1027 3670 1063 3750 1,
1087 3668 1157 3750 ΠΙ,
1184 3666 1241 3729 lv.

172 3773 317 3836 Alterum
343 3775 433 3860 quasi
463 3791 589 3838 tornum
615 3778 820 3840 constituunt
845 3774 998 3864 singulari
1022 3773 1088 3837 lroc
1112 3772 1243 3836 titulo:

171 3878 208 3939 T.
226 3880 305 3941 Livii
324 3880 466 3945 Patavini
483 3882 691 3945 historiarum
710 3882 750 3945 ab
768 3884 808 3946 U.
825 3885 859 3945 C.
879 3877 1015 3946 Decadis
1029 3880 1070 3943 V.
1088 3878 1187 3943 Libri
1201 3874 1243 3942 V.

174 3981 305 4045 Basilecc
321 4010 382 4072 per
396 3986 446 4050 Jo.
465 3988 661 4073 Hervagt'unr..
688 3987 815 4052 Claudit
840 4005 990 4051 tomum:
1014 3982 1245 4071 Chronologia

174 4087 214 4148 ab
240 4091 336 4169 'Proja
361 4111 452 4181 capta
477 4094 518 4157 ad
544 4094 625 4157 1282
651 4097 691 4158 ab
713 4096 752 4158 U.
776 4097 811 4158 C.
834 4117 893 4181 per
914 4094 1013 4156 Henr.
1040 4089 1244 4154 Glareanum

175 4196 263 4257 rasit.
281 4199 450 4265 atnxtttl
476 4201 629 4287 (alteram
653 4201 750 4280 hujus
774 4200 929 4263 Chronol.
946 4214 1070 4287 partem
1090 4196 1134 4261 ab
1154 4216 1245 4259 anno

175 4300 237 4385 753
255 4303 327 4366 Tib.
350 4308 432 4394 Aug.
454 4309 507 4388 lV,
534 4307 574 4370 ad
600 4331 650 4371 an.
676 4305 769 4394 1287,
791 4306 962 4370 Iustiniani
983 4304 1041 4385 lv,
1065 4324 1092 4367 s.
1113 4322 1243 4366 annum

173 4407 247 4469 Chr.
267 4409 339 4495 537,
355 4434 393 4473 ex
407 4414 502 4501 Greg.
520 4413 702 4477 Haloandm
717 4428 884 4476 mutuatus
899 4410 994 4497 erat).
1010 4406 1117 4472 ludex
1131 4429 1246 4471 rerum

175 4530 206 4575 et
226 4514 399 4577 verborum
421 4533 468 4579 est
493 4541 551 4603 per
569 4519 639 4581 Nic.
659 4520 855 4607 Episcopium
877 4530 1060 4605 congestus.
1087 4512 1249 4577 Servatur
