2752 5056
198 785 220 854 8
607 787 864 857 CREVERII

195 917 392 1006 Latinosque
412 918 446 981 in
469 917 606 982 historia
627 919 766 982 maxime
787 920 931 984 claruere
955 921 1146 1008 scriptores,
1170 923 1273 985 Hero·

195 1021 294 1106 doto,
308 1022 518 1113 Thucydide,
536 1025 774 1112 Xenophonte,
787 1025 941 1114 Polybio,
954 1026 1124 1108 Sallustio,
1140 1028 1269 1109 Tacito,

194 1127 320 1194 Curtio.
347 1129 543 1217 Dionysium
572 1128 851 1194 Halicarnasseum
880 1131 1017 1212 omitto,
1052 1131 1141 1220 apud
1170 1154 1268 1218 quem

195 1258 264 1300 non
282 1235 445 1301 immerito
467 1237 603 1299 fortasse
627 1236 823 1325 reprehendi
844 1238 948 1325 possit
968 1239 1067 1302 nimia
1083 1240 1268 1303 orationum

195 1343 376 1432 prolixitas,
393 1366 467 1430 quae
489 1358 523 1406 et
542 1342 655 1430 fatigat
674 1344 846 1420 lectorem,
871 1360 903 1408 ct
925 1345 1081 1435 ingratam
1101 1346 1268 1408 interdum

193 1450 372 1515 narrationi
391 1471 516 1512 moram
534 1447 645 1527 injicit.
661 1448 726 1513 Sed
742 1465 934 1514 caeterorum
953 1473 1036 1538 quos
1053 1449 1152 1514 modo
1166 1453 1270 1514 nomi·

195 1557 268 1622 navi
289 1555 401 1625 eadem
425 1579 498 1644 quae
517 1555 597 1619 Livii
621 1577 716 1618 causa
740 1572 799 1620 est.
824 1556 924 1644 Apud
948 1580 1061 1622 omnes
1090 1575 1122 1622 et
1148 1558 1268 1622 crebrae

194 1663 358 1728 orationes
375 1662 595 1750 reperiuntur,
619 1677 670 1741 et,
689 1660 865 1749 siquando
885 1685 968 1751 opus
985 1663 1101 1744 fuerit,
1119 1664 1267 1752 longius·

195 1771 292 1853 culae,
310 1784 343 1833 et
360 1768 513 1832 omnibus
530 1765 660 1831 dicendi
676 1767 870 1849 virtutibus,
888 1770 979 1832 omni
998 1769 1090 1832 cultu
1104 1771 1267 1858 expolitae,

195 1877 223 1941 si
241 1892 350 1940 tamen
369 1873 562 1961 Polybianas
580 1872 739 1958 excipias,
764 1897 837 1961 quae
859 1875 969 1939 tinctae
988 1898 1086 1938 sensu
1105 1877 1267 1964 comptio-

194 2005 264 2048 rem
279 1997 430 2046 0rnatnm
446 1981 624 2069 neglexere.
641 1979 805 2044 Omnibus
819 1980 918 2070 igitur
933 1997 991 2044 aut
1005 1980 1075 2044 laus
1092 1981 1266 2046 tribuenda

195 2105 259 2173 est,
275 2105 333 2152 aut
351 2087 446 2151 venia
467 2084 667 2176 deneganda.
686 2088 816 2150 Durum
836 2110 913 2150 saue
930 2088 964 2149 in
981 2103 1108 2151 tottam
1126 2088 1267 2152 illustres

196 2219 270 2261 reos
281 2196 365 2260 ferre
375 2216 503 2284 gravem
518 2194 732 2273 sententiam,
749 2194 825 2257 etin
839 2216 955 2281 magna
963 2194 1015 2256 illa
1027 2193 1177 2274 nomina,
1193 2218 1267 2282 quae

195 2303 302 2367 omnis
324 2324 383 2389 per
406 2315 456 2364 tot
478 2313 565 2361 retro
590 2298 698 2361 secula
722 2299 837 2363 mirata
861 2315 910 2362 est
933 2315 1092 2379 vetustas,
1113 2322 1186 2387 quse
1209 2301 1266 2387 qui

193 2431 324 2497 carpere
351 2406 449 2486 ausit,
472 2404 595 2468 facilius
622 2403 683 2467 sibi
712 2427 810 2491 quam
835 2405 895 2469 illis
922 2422 1054 2487 noceat,
1079 2407 1265 2470 censorium

191 2516 313 2605 stylum
331 2535 471 2578 exerere.

237 2623 278 2685 Et
293 2618 442 2707 quidem,
460 2617 487 2680 si
500 2640 551 2682 res
566 2618 636 2708 ipsa
648 2617 848 2704 inspiciatur,
862 2617 942 2705 quid
955 2618 1087 2681 tandem
1099 2616 1267 2705 deliquere

194 2726 314 2792 summi
339 2724 528 2814 scriptores,
548 2722 628 2786 dum
646 2738 764 2810 praeter
785 2745 856 2785 eam
881 2744 954 2809 quae
972 2720 1171 2805 debebatur,
1195 2748 1268 2787 nar-

193 2832 371 2899 randarum
384 2829 546 2912 jucunde,
565 2829 719 2918 graviter,
742 2826 910 2909 distincte,
929 2826 1135 2917 dilucideque
1154 2854 1264 2894 rerum

192 2943 409 3030 voluptatem,
429 2939 525 3003 etiam
553 2938 685 3000 alteram
706 2935 885 3000 indebitam
907 2937 1001 3000 nobis
1019 2960 1058 3000 ex
1075 2937 1265 3003 luculentis·

193 3049 281 3114 simis
298 3047 501 3112 orationibus
516 3043 690 3132 paravere?
706 3042 821 3125 Fides,
840 3043 1011 3131 inquiunt,
1036 3044 1178 3108 historiae
1193 3045 1265 3108 vio·

191 3155 287 3235 latur,
305 3151 385 3216 dum
403 3174 441 3215 ea
457 3149 552 3214 nobis
574 3165 739 3236 tamquam
757 3147 843 3212 dicta
865 3147 1106 3231 obtruduntur,
1127 3173 1200 3237 quae
1216 3166 1266 3214 ta·
1321 3156 1324 3163 “

193 3283 268 3325 men
285 3280 456 3346 nunquam
472 3279 582 3320 revera
601 3254 687 3319 dicta
711 3272 796 3319 sunt
821 3256 923 3337 Quasi
943 3279 1020 3319 vero
1037 3257 1188 3344 cuiquam
1212 3258 1264 3321 in·

193 3388 316 3432 nocens
329 3364 382 3426 ille
396 3363 491 3426 dolus
505 3363 669 3449 imponat,
688 3378 745 3425 aut
761 3362 944 3450 periculum
962 3362 1020 3443 sit,
1037 3385 1079 3425 ne
1101 3363 1175 3450 quis
1194 3364 1264 3426 illas

192 3472 274 3538 Livii
288 3486 354 3534 tam
373 3467 545 3555 diligenter
558 3466 751 3546 elaboratas,
769 3483 834 3530 tam
852 3490 961 3531 severe
975 3469 1153 3556 castigatas,
1167 3470 1263 3532 tantis

191 3579 367 3644 verborum
382 3576 682 3661 sententiarumque
696 3574 865 3638 munditiis
884 3576 1025 3639 excultas
1043 3577 1206 3639 orationes
1222 3578 1264 3640 ab

191 3682 333 3749 horridis
352 3682 414 3746 illis
434 3682 616 3770 primorum
636 3678 727 3742 urbis
745 3680 855 3743 Romae
872 3696 1059 3767 temporum
1081 3682 1264 3747 aratoribus

190 3812 259 3855 esse
273 3789 442 3853 existimet.

236 3895 349 3957 Unum
368 3892 503 3978 excipio.
528 3893 561 3955 Si
584 3891 735 3978 scriptori
758 3891 851 3955 licuit
873 3913 989 3954 eorum
1013 3915 1097 3979 quos
1118 3893 1262 3958 dicentes

191 3999 269 4065 lacit
286 3997 406 4060 referre
425 3997 540 4077 verba,
564 4013 596 4059 et
615 3997 795 4076 orationes,
818 3995 1097 4083 quemadmodum
1118 4022 1264 4086 pronun·

192 4109 276 4174 tiatae
297 4119 391 4183 sunt,
414 4102 564 4173 alicunde
586 4103 746 4184 nancisci,
770 4102 852 4166 nibil
875 4102 1013 4167 dubium
1040 4127 1109 4169 esse
1135 4123 1263 4193 potest,

192 4214 272 4304 quin
289 4213 350 4274 illae
367 4202 502 4274 totidem
527 4209 632 4273 verbis
655 4211 768 4275 lectori
793 4210 967 4275 reddendae
990 4212 1072 4291 sint,
1097 4236 1205 4300 neque
1227 4214 1261 4276 in

191 4323 333 4410 ipsarum
353 4319 462 4382 locum
478 4316 619 4381 ludentis
637 4319 760 4407 ingenii
784 4320 879 4383 foetus
899 4319 1119 4408 supponendi.
1148 4322 1262 4408 ltaque

191 4451 258 4493 non
287 4423 478 4513 negabimus
505 4444 653 4511 peccasse
680 4425 846 4505 Tacitum,
872 4426 929 4512 qui
956 4425 988 4488 iu
1017 4425 1072 4488 lib.
1099 4427 1147 4488 XI
1173 4429 1260 4492 Anu.

190 4558 259 4624 cap.
281 4535 341 4611 24,
363 4528 499 4594 Claudio
518 4528 702 4624 imperatori
724 4532 859 4596 alienam
886 4546 920 4594 et
945 4526 1088 4594 fictitiam
1110 4531 1262 4603 tribuerit
