2768 5136
60 68 291 135 quiuqungrnta
307 66 337 111 ct
356 49 503 110 (lucente.
522 49 708 109 Trilrunitim
728 63 830 132 potest

60 157 175 214 simum
192 154 310 215 (Ionsul
326 155 385 214 ΧΗ
405 155 553 215 trecentis
572 171 601 214 ct
615 154 725 238 viginti
741 153 828 211 urillil

63 285 108 319 nu·
123 284 294 346 scxzsgcnos
308 260 454 322 ‹lctinrios
469 262 585 320 viritim
601 259 692 338 tls¹tli5
706 276 735 319 rt
746 259 836 319 cuoiv

62 391 132 426 rum
151 369 262 427 cirris-ul
280 369 429 452 quintum
459 392 495 427 cx
522 367 668 427 nmuibiis
688 366 804 425 viritim
826 387 841 424 n

61 472 184 558 singula
204 470 286 533 dedi.
301 475 505 558 Acceperunt
524 471 557 533 id
575 470 767 557 triumphale
778 492 845 552 con.¹

59 579 119 639 rrit's
136 576 306 640 hominum
323 577 449 640 circiter
464 591 597 640 centum
616 592 649 639 et
664 576 777 663 viginti
794 574 848 637 mil

60 681 141 746 tium
169 680 331 746 decimum
356 704 529 772 sexagenos
551 680 701 756 denarios
725 680 848 769 plebei,

59 804 207 854 mentum
224 788 392 878 publicum
414 805 625 878 acceperunt,
647 789 730 853 dedi.
754 791 801 853 Ea
823 811 855 852 m

58 895 155 982 paulo
182 895 274 986 plura
297 920 394 986 quam
418 897 558 961 ducenta
579 899 723 962 fuerunt.
743 897 859 959 Pecuni

60 1024 143 1088 quos
156 1003 189 1066 in
203 1003 374 1067 consulatu
387 1025 461 1067 nreo
475 1019 590 1092 quarto
605 1020 638 1066 et
650 1019 761 1090 postea
773 1024 862 1067 const

59 1129 92 1169 so
105 1118 136 1171 et
146 1109 206 1172 Cn.
220 1110 359 1173 Lentulo
372 1114 503 1198 Augure
520 1109 682 1199 adsignari
696 1109 866 1191 militibus,

60 1214 123 1298 pls.
141 1214 188 1277 Ea
204 1216 386 1279 sestertium
406 1215 532 1278 circiter
548 1213 766 1300 sexsiensffl)
779 1213 869 1278 millis

60 1316 104 1378 ex'
125 1319 349 1384 collationibus
364 1343 426 1409 pro
448 1318 655 1407 praediisffl)
677 1320 860 1401 numeravi,

61 1421 196 1487 milliens
210 1440 242 1488 et
257 1426 467 1505 sescentiens,
480 1425 570 1512 quod
585 1449 645 1515 pro
661 1427 744 1516 agris
760 1425 874 1514 provin

61 1526 101 1591 ld
114 1529 237 1616 pn'mus
250 1547 284 1595 et
298 1534 386 1596 solus
401 1533 566 1613 omnium,
584 1534 640 1620 qui
662 1532 867 1597 deduxerunt

62 1650 130 1697 tum
149 1633 217 1720 (45)
234 1636 268 1699 in
292 1638 381 1702 ltalia
404 1653 460 1700 aut
483 1639 517 1700 in
543 1639 731 1726 provinciis,
751 1637 790 1700 ad
811 1660 876 1701 mer

62 1761 140 1802 meae
154 1739 231 1818 feci3
249 1757 281 1805 et
294 1761 403 1831 postea
424 1744 470 1806 Τι’.
497 1744 620 1808 Neroni
639 1761 671 1807 et
686 1746 746 1806 Cn.
768 1744 876 1806 Pisoni

61 1847 140 1928 bus,
152 1847 293 1936 itemque
310 1850 347 1913 C.
360 1852 499 1915 Antistio
516 1868 549 1915 et
564 1855 604 1915 D.
623 1852 719 1915 Laelio
733 1853 806 1914 Cos.
823 1866 856 1914 et
874 1868 876 1898 ⁴

60 1954 95 2018 L.
110 1953 245 2019 Pasieno
263 1955 449 2020 consulibus
461 1975 491 2022 et
508 1956 639 2022 Lentulo
650 1974 681 2021 et
695 1958 866 2020 Messalino

94 2173 151 2240 (lo)
169 2174 227 2228 Hoc
240 2188 293 2238 est,
307 2176 433 2230 frumenti
446 2177 613 2261 largitiones,
623 2189 651 2229 ut
663 2176 734 2248 apud
745 2178 814 2230 Suet
825 2178 876 2246 Am

93 2265 149 2332 (41)
167 2263 197 2317 A„
212 2264 245 2318 U.
260 2273 320 2335 740.
334 2267 413 2320 cont.
427 2267 535 2321 sueton.
547 2285 604 2338 cap.
619 2274 663 2330 41,
672 2278 697 2318 et
706 2265 815 2332 loseph.
827 2268 876 2316 Ant

94 2357 149 2416 (⁴2)
166 2355 226 2410 soll.
239 2357 342 2403 sinonln
355 2371 417 2388 ¹···-·
519 2358 526 2366 ⁹
