2752 5056
177 838 246 909 316
448 840 660 906 NOTITIA
686 838 961 907 LITERARIA

175 994 208 1057 p.
239 966 339 1053 85·94
359 967 398 1030 de
418 968 590 1055 privilegiis
611 968 708 1055 agit).
734 968 941 1055 Privilegium
961 966 1115 1053 sequitur
1141 966 1255 1053 primo

178 1073 300 1137 Ulrichi
319 1074 450 1137 Hutteni
464 1074 581 1159 equitis
600 1073 747 1136 Praelatio
765 1070 806 1135 ad
824 1072 990 1137 Albertum
1009 1070 1253 1136 brandenbur-

179 1200 308 1267 gensem
318 1176 552 1257 ,Cardinalenr,
568 1177 851 1264 Arcbiepiscopum
866 1176 1104 1265 llloguntinum
1116 1192 1153 1240 et
1164 1176 1254 1265 Mag·

178 1282 433 1370 deburgeusem,
453 1282 631 1369 principem
647 1281 845 1363 Electorem;
864 1296 932 1345 tum
950 1280 1075 1345 Erasmi
1092 1280 1172 1345 data
1186 1280 1250 1345 Vll

178 1387 247 1450 llal.
265 1387 358 1450 Mart.
376 1409 427 1449 an.
445 1386 586 1449 belx
605 1386 646 1449 ad
660 1386 897 1449 blisobarbaros
911 1401 1009 1473 atque
1021 1386 1161 1451 eosdem
1174 1386 1252 1451 Phi·

179 1494 324 1556 lomusos
342 1494 497 1557 Praefatio.
518 1494 594 1557 Post
612 1492 750 1556 indicem
774 1491 891 1556 deinde
911 1493 945 1555 in
963 1493 1091 1555 Livium
1112 1492 1250 1579 ejusque

181 1599 354 1686 epitomas,
369 1614 401 1661 et
416 1598 564 1661 eonsules
577 1600 611 1660 in
625 1599 715 1661 Livio
734 1614 766 1663 et
779 1598 928 1686 epitomis
950 1614 1179 1679 occurrentes,
1194 1619 1249 1661 or·

181 1704 258 1767 diue
274 1705 511 1792 Chronologieo
527 1705 716 1792 dispositos,
729 1722 913 1793 sequuntur
928 1705 1080 1793 epitomae
1090 1704 1249 1783 Livianae,

182 1824 215 1874 et
227 1809 326 1898 ipsius
342 1810 421 1873 Livii
438 1826 617 1874 contextus.
632 1808 817 1874 Admodum
833 1825 943 1873 autem
961 1808 1185 1873 memorabilis
1201 1823 1251 1871 est

181 1916 251 1979 haee
267 1915 382 1997 editio,
397 1918 472 2003 quia
485 1918 588 2004 prima
606 1917 752 1980 omnium
766 1916 914 1979 exhibuit
931 1916 1103 1979 maximam
1122 1930 1250 2003 partem

183 2021 257 2084 libri
279 2024 440 2103 lUlell,
455 2048 471 2085 a
486 2047 553 2113 cap.
576 2046 626 2109 17,
639 2033 654 2099 ς
668 2024 707 2102 6,
723 2044 827 2109 usque
848 2021 888 2085 ad
909 2021 984 2085 libri
1008 2021 1103 2085 istius
1132 2020 1251 2101 linem,

184 2127 241 2214 qui
257 2128 381 2216 integer
393 2144 487 2192 antea
499 2151 560 2215 pro
574 2128 742 2216 deperdito
755 2128 883 2191 babitus
895 2142 961 2206 est,
972 2142 1006 2189 et
1016 2126 1167 2190 ultimam
1179 2148 1253 2213 par-

186 2247 251 2295 tem
272 2232 326 2296 lib.
347 2235 421 2315 XL,
439 2258 456 2296 a
481 2258 550 2321 cap.
575 2234 652 2321 35,§
672 2234 703 2315 3,
720 2257 824 2320 usque
842 2232 881 2297 ad
906 2232 1020 2297 finem:
1043 2255 1119 2319 quae
1144 2232 1254 2319 operis

183 2337 305 2401 Liviani
329 2340 491 2425 particulae
514 2341 547 2401 iu
569 2341 673 2403 lucem
695 2355 863 2427 protractae
886 2354 963 2401 sunt
982 2360 1021 2401 ex
1044 2336 1254 2401 bibliothecae

185 2442 404 2531 Moguntinae,
418 2468 489 2532 quae
502 2461 550 2508 est
568 2447 602 2507 in
621 2445 688 2509 aede
704 2445 841 2507 maxima
852 2467 889 2507 ac
901 2443 1151 2530 metropolitana
1164 2442 1176 2529 (
1188 2441 1253 2507 divi

186 2549 345 2637 Martini)
365 2574 521 2638 perquam
546 2568 673 2615 vetusto
703 2551 832 2632 codiee,
852 2549 1089 2614 characteribus
1120 2548 1256 2635 Longo·

186 2655 323 2721 bardicis
334 2659 368 2720 in
382 2659 566 2723 membrana
577 2660 706 2747 scripto.
723 2660 836 2739 Quum
848 2674 957 2721 autem
976 2654 1079 2720 codex
1095 2656 1172 2737 illc,
1185 2676 1258 2719 om·

187 2763 279 2825 nium
295 2764 392 2843 liujus
408 2766 504 2853 partis
515 2767 811 2852 praestantissimus,
824 2766 879 2853 qui
897 2779 1021 2853 partem
1038 2762 1095 2827 lib.
1107 2762 1257 2857 xxttlll

188 2869 332 2932 ultimam
353 2887 384 2933 et
402 2872 500 2935 libros
516 2888 687 2958 sequentes
704 2894 809 2958 usque
823 2869 863 2933 ad
875 2870 973 2933 linem
989 2868 1064 2931 libri
1076 2868 1137 2931 xl.
1150 2869 1260 2933 couti·

187 2973 299 3054 nebat,
312 2976 430 3061 passim
448 3001 466 3040 a
481 2979 608 3068 vulgata
624 2979 770 3065 priorum
789 2977 969 3041 editionum
987 2975 1130 3039 lectione
1148 2974 1259 3039 diver·

187 3102 241 3142 sus
260 3080 379 3161 abiret,
396 3082 551 3171 Nicolaus¹
561 3083 754 3147 Carbaelrius
763 3105 838 3147 eum
854 3081 992 3171 dignum
1001 3078 1148 3162 censuit,
1159 3100 1262 3166 quem

187 3182 358 3273 diligenter
380 3209 455 3251 cum
485 3189 562 3250 olim
590 3189 713 3251 excusis
737 3188 970 3267 committeret,
992 3184 1129 3273 ejusque
1148 3206 1263 3249 excer-

187 3305 257 3376 ptas
279 3291 449 3375 variantes,
473 3317 611 3381 quarum
640 3316 724 3357 aooo
747 3294 885 3365 notavit,
911 3291 987 3355 huic
1010 3290 1091 3353 Livii
1120 3288 1261 3353 etlitioni

187 3394 377 3475 subjiceret,
394 3399 556 3485 praemissa
572 3400 778 3486 prael'atione,
795 3397 908 3463 ldibus
925 3398 1018 3461 Mart.
1038 3418 1091 3459 an.
1108 3394 1262 3459 belx

188 3499 278 3581 data,
293 3525 357 3589 qua
372 3504 498 3567 consilii
515 3506 674 3567 rationem
690 3502 841 3567 reddidit.
853 3504 901 3566 Eo
915 3519 1023 3566 autem
1036 3504 1124 3565 lacto
1135 3501 1263 3589 optime

187 3605 227 3669 de
239 3607 328 3671 bivio
343 3609 478 3671 meritus
495 3625 556 3691 est,
571 3626 668 3696 atque
687 3610 777 3673 hunc
795 3609 1000 3689 thesaurum,
1012 3622 1071 3673 aut
1084 3622 1178 3672 certe
1189 3606 1263 3686 ejus

189 3731 313 3799 partem
329 3716 424 3779 nobis
438 3717 591 3798 ser-varie
610 3719 666 3803 qui
679 3734 790 3780 utrum
803 3715 902 3780 hodie
913 3715 1019 3778 adhuc
1032 3712 1190 3800 supersit,
1203 3728 1265 3776 aut

190 3818 247 3881 ubi
265 3819 376 3903 lateat,
389 3822 549 3886 incertum
562 3838 620 3887 est.
634 3822 725 3887 ldem
742 3822 938 3887 Carbaclrius
956 3842 1032 3884 cum
1044 3820 1109 3882 lac.
1127 3818 1265 3907 Micyllo

189 3923 314 3989 Livium
328 3950 428 4015 germ.
442 3950 569 3991 versum
586 3927 686 3991 edidit
704 3950 755 3991 an.
772 3926 854 3991 1533
867 3924 1045 4015 Moguntiae
1061 3922 1151 4013 apud
1165 3946 1264 3987 eum·

190 4025 264 4090 dem
281 4031 329 4093 lo.
347 4030 560 4096 Sclrelferum.
576 4035 623 4095 De
642 4033 822 4120 praesmntia
839 4046 871 4095 et
886 4031 1015 4094 raritate
1027 4027 1126 4108 hujus
1140 4028 1265 4092 editio·

192 4132 241 4194 uis
259 4134 331 4197 vide
348 4136 512 4201 Maittairii
531 4139 644 4202 Annal.
664 4155 791 4226 typogr.
804 4154 828 4201 t.
841 4138 891 4217 ΙΙ,
904 4161 975 4226 pag.
992 4133 1074 4215 333,
1088 4132 1173 4219 334,
1186 4150 1211 4199 t.
1224 4134 1267 4215 V,

192 4254 272 4323 part.
286 4240 313 4317 l,
324 4263 403 4303 voce
415 4243 502 4307 Florr'
509 4270 521 4323 ,·
533 4245 735 4307 Bunemanni
753 4245 849 4307 Catal.
867 4244 947 4307 ll'lSS
964 4257 997 4305 et
1008 4240 1119 4304 libror.
1140 4240 1269 4304 rarissi-

193 4364 272 4406 mor.
284 4344 420 4426 Mindae,
437 4350 534 4434 1732,
547 4350 632 4428 iri-8,
644 4374 676 4438 p.
690 4349 728 4413 31
743 4374 814 4436 sqq.
826 4349 963 4413 Fabricii
973 4347 1053 4410 Bibl.
1064 4344 1265 4409 Lat.chet.

198 4448 298 4534 1728,
318 4466 340 4513 t.
358 4451 374 4513 l
384 4500 392 4531 ‚
409 4477 440 4539 p.
464 4456 625 4539 195-196,
638 4472 671 4518 et
685 4456 823 4519 Ernestii
838 4454 914 4519 edit.
931 4470 953 4517 t,
971 4453 1001 4532 Ι,
1016 4476 1046 4539 p.
1063 4450 1146 4531 2823
1159 4450 1269 4513 Haru-

194 4554 302 4639 berger·
320 4558 493 4620 zrwerlresr.
510 4560 633 4625 Nncltr.
651 4578 674 4625 t.
696 4562 727 4641 l,
747 4584 819 4649 pag.
837 4562 917 4641 5323
938 4556 1071 4624 Harlesii
1088 4554 1219 4623 Introd.
1232 4554 1270 4621 in
