2752 5056
533 808 823 876 PRAEFATIO.
1176 808 1218 879 13

142 953 237 1002 vocat
251 937 333 1001 orbis
346 953 504 1003 terrarum
519 953 635 1027 caput,
652 961 755 1026 quum
768 935 918 1000 nondum
936 951 1003 1001 tota
1019 938 1109 1002 Italia
1120 939 1217 1027 plane

140 1045 257 1133 jugum
278 1043 467 1132 accepisset,
488 1065 550 1107 nec
575 1043 755 1132 quidquam
777 1058 864 1105 extra
881 1064 951 1105 eam
968 1044 1107 1107 Romani
1124 1061 1216 1108 tene·

143 1166 232 1232 rent,
247 1165 364 1238 praeter
381 1150 494 1215 Siciliae
507 1166 633 1239 partem
650 1167 684 1215 et
699 1148 898 1231 Sardiniam3
914 1172 1019 1237 quum
1033 1166 1132 1215 staret
1143 1152 1217 1215 Can

142 1257 258 1346 thago,
272 1272 371 1345 atque
385 1258 481 1320 etiarn
498 1257 661 1345 Hispaniae
677 1256 835 1336 majorem
848 1271 973 1342 partem
992 1256 1130 1344 irnperio
1148 1280 1216 1322 am·

141 1363 346 1451 plecteretur.
365 1363 490 1427 Rursus
506 1361 591 1426 idem
603 1362 668 1449 (1),
683 1361 765 1425 'dum
778 1361 895 1425 milites
908 1359 949 1424 ad
965 1362 1051 1426 bene
1063 1386 1216 1453 pugnan-

142 1466 223 1530 dum
249 1467 417 1550 hortatur,
437 1467 580 1557 dempto,
611 1468 735 1555 inquit,
764 1466 823 1530 boc
846 1489 909 1530 uno
919 1465 1064 1556 figora
1081 1471 1216 1534 nominis

142 1576 277 1638 mmanr‘.
315 1575 416 1656 Quasi
448 1597 526 1637 vero
560 1574 788 1664 Carthaginem
820 1571 939 1636 debere
970 1575 1081 1638 Romae
1112 1574 1214 1642 fasces

142 1679 334 1745 submittere
355 1682 442 1745 ultro
462 1682 647 1772 agnovisset
670 1680 847 1744 acerrimus
868 1679 921 1742 ille
939 1679 1070 1744 Punicae
1087 1683 1214 1773 magni·

142 1786 263 1852 tudinis
282 1788 418 1870 vindex,
442 1805 476 1852 et
490 1790 646 1852 Romanae
663 1790 761 1877 paene'
770 1809 918 1865 eversor,
945 1804 1002 1851 aut
1025 1804 1105 1854 tunc
1127 1806 1212 1854 tem·

141 1896 230 1981 poris
251 1896 359 1960 minus
386 1897 512 1960 Punico
539 1896 665 1961 nomini
674 1893 826 1982 fulgoris
848 1917 946 1982 quam
972 1896 1120 1961 Romano
1148 1899 1212 1963 cir·

142 2001 298 2067 cumdari.

184 2107 276 2173 ldem
295 2110 437 2199 impetus
455 2109 547 2171 nimii
564 2109 683 2173 amoris
706 2110 740 2172 in
760 2109 894 2198 patriam
916 2109 1043 2173 Livium
1064 2109 1212 2195 abstulit,

139 2237 244 2302 quum
262 2238 330 2279 non
345 2215 507 2279 dubitavit
521 2213 682 2280 affirmare
699 2218 872 2281 Romanos,
881 2239 1046 2306 nunquam
1058 2217 1100 2280 ab
1112 2220 1214 2307 equite

140 2321 242 2399 hoste,
267 2343 433 2409 nunquam
451 2343 473 2382 a
487 2321 611 2408 pedite,
636 2344 800 2410 autequam
822 2337 935 2410 aperta
955 2327 1025 2387 acie
1044 2324 1211 2388 laborasse.
1248 2368 1263 2381 .

141 2427 191 2491 De
208 2424 356 2515 peditatu
373 2427 513 2492 silemus.
533 2431 575 2493 At
588 2451 698 2493 nonne
711 2431 753 2492 ab
763 2432 867 2518 equite
878 2430 968 2493 horte
982 2430 1212 2495 laboraverunt

141 2531 299 2614 Romani,
326 2556 429 2620 quum
460 2533 612 2599 adversus
642 2536 857 2600 Hannibalem
888 2536 1011 2600 bellurn
1040 2553 1210 2625 gererent,

138 2658 237 2724 quern
251 2637 505 2728 equitatulonge
514 2641 717 2728 superiorem
729 2641 875 2706 fuisse'et
892 2641 1077 2729 ipscLivius
1087 2640 1212 2732 (a)pas·

138 2743 199 2807 sim
208 2746 339 2827 fatetur,
354 2744 387 2809 et
399 2745 646 2834 prudentissimi
658 2749 883 2812 Romanorum
898 2746 998 2812 duces
1008 2770 1138 2813 sensere
1149 2748 1208 2837 (3),

137 2866 235 2938 atque
263 2852 307 2916 ob
329 2851 364 2916 id
392 2876 587 2944 magnopere
612 2855 724 2918 cavere
753 2878 796 2918 ne
823 2855 858 2918 in
879 2857 1000 2944 campis
1016 2857 1208 2944 patentibus

136 2956 178 3020 ab
189 2980 231 3021 eo
248 2957 599 3047 deprehenderentur?
614 2958 735 3025 Nonne
752 2973 865 3049 aperta
880 2963 948 3024 acic
963 2961 1209 3044 laboraverunt,

71 3057 72 3061 ¹
137 3084 240 3149 quum
254 3062 296 3127 ad
314 3065 440 3127 Cannas
453 3063 494 3127 ab
509 3063 625 3128 eodem
641 3065 823 3129 Hannibale
836 3087 939 3154 prope
954 3064 996 3129 ad
1013 3067 1209 3131 internecio·

137 3190 213 3232 nem
225 3170 314 3250 ooesi,
331 3193 434 3258 quum
449 3169 491 3234 ad
504 3172 619 3237 Alliam
636 3172 677 3236 ab
694 3171 791 3237 Gallis
810 3173 874 3235 lusi
889 3171 989 3235 sunt?

180 3274 245 3364 Sed
265 3277 334 3340 haec
353 3276 487 3365 quidem
509 3293 690 3366 utcumque
708 3277 888 3342 condonari
905 3294 1060 3366 possunt,
1078 3280 1112 3367 in
1137 3303 1209 3367 quae

138 3380 370 3470 incogitantem
383 3385 510 3448 Livium
527 3384 637 3472 rapuit
650 3383 822 3463 instinctus
835 3384 968 3472 quidam
985 3384 1134 3450 studiiin
1151 3409 1208 3449 ro·

138 3507 267 3551 manain
280 3488 409 3553 laudern
423 3490 692 3579 vehementioris,
703 3492 747 3554 ita
761 3508 800 3555 ut
817 3492 925 3580 ipsum
940 3491 1137 3555 scribentem
1149 3490 1208 3556 fal·
1313 3536 1316 3541 -

139 3594 217 3658 leret
239 3597 339 3684 pietas
363 3598 397 3660 in
420 3596 575 3686 patriam,
600 3586 944 3661 blanda'conciliatrix
969 3597 1032 3661 sui.
1055 3597 1114 3660 Illa
1139 3619 1207 3661 non

137 3698 232 3763 rideo
245 3722 388 3787 quonam
402 3703 512 3767 colore
526 3701 658 3767 delendi
673 3702 816 3790 possint,
832 3724 904 3789 quae
923 3699 1037 3765 sedulo
1053 3717 1086 3765 et
1100 3701 1207 3767 dedita

137 3828 237 3895 opera
253 3807 382 3871 silentio
398 3809 554 3889 tramisit,
577 3825 749 3899 propterea
773 3807 863 3896 quod
890 3829 1005 3895 parum
1027 3805 1205 3901 honorifica

136 3912 204 3976 sive
228 3934 371 3976 romanae
393 3915 499 4003 genti,
522 3914 589 3978 sive
616 3912 814 4002 quibusdam
838 3913 1037 3978 celeberrimi
1063 3915 1205 3980 nominis

135 4019 211 4082 viris
235 4017 435 4083 viderentur.
471 4020 577 4099 Hujus
603 4021 729 4110 generis
760 4019 885 4107 aliquot
913 4021 1058 4110 exempla
1086 4020 1205 4086 referre

136 4124 400 4213 operaepretium
420 4139 478 4195 est.
694 4116 699 4127 ’

180 4230 354 4320 Polybius,
371 4232 530 4294 acerrimo
548 4230 671 4310 judicio
691 4246 724 4294 et
746 4231 932 4322 incorrupta
953 4231 1016 4295 fide
1039 4253 1207 4299 commen·

171 4407 210 4472 (ι)
227 4408 282 4457 Lib.
295 4410 437 4475 XXl‚cap.
448 4410 491 4466 43.

169 4497 209 4563 (a)
227 4496 280 4545 Lib.
294 4498 373 4557 nt,
384 4513 438 4563 cap.
449 4506 491 4559 ⁴7·

173 4584 210 4650 (3)
229 4586 282 4635 Lib.
294 4587 382 4634 XXVI
392 4602 461 4651 ‚cap
472 4587 574 4646 38,etc.
