<?xml version="1.0" encoding="UTF-8"?>
<!DOCTYPE html PUBLIC "-//W3C//DTD XHTML 1.0 Transitional//EN"
    "http://www.w3.org/TR/xhtml1/DTD/xhtml1-transitional.dtd">
<html xmlns="http://www.w3.org/1999/xhtml" xml:lang="en" lang="en">
 <head>
  <title>
</title>
<meta http-equiv="Content-Type" content="text/html;charset=utf-8" />
  <meta name='ocr-system' content='tesseract 3.04.00' />
  <meta name='ocr-capabilities' content='ocr_page ocr_carea ocr_par ocr_line ocrx_word'/>
</head>
<body>
  <div class='ocr_page' id='page_1' title='image "./titusliviuspata03freigoog_0018.png"; bbox 0 0 2768 5136; ppageno 0'>
   <div class='ocr_carea' id='block_1_1' title="bbox 376 765 1384 4273">
    <p class='ocr_par' dir='ltr' id='par_1_1' title="bbox 780 765 1059 834">
     <span class='ocr_line' id='line_1_1' title="bbox 780 765 1059 834; baseline -0.007 -2"><span class='ocrx_word' id='word_1_1' title='bbox 780 765 1059 834; x_wconf 80' lang='lat' dir='ltr'>PRAEFATIO.</span> 
     </span>
    </p>

    <p class='ocr_par' dir='ltr' id='par_1_2' title="bbox 379 893 1384 2367">
     <span class='ocr_line' id='line_1_2' title="bbox 383 893 1377 984; baseline -0.003 -25"><span class='ocrx_word' id='word_1_2' title='bbox 383 918 452 960; x_wconf 83' lang='lat' dir='ltr'><strong>esse</strong></span> <span class='ocrx_word' id='word_1_3' title='bbox 468 896 689 960; x_wconf 80' lang='lat' dir='ltr'><strong>existimamus</strong></span> <span class='ocrx_word' id='word_1_4' title='bbox 705 897 901 984; x_wconf 83' lang='lat' dir='ltr'><strong>optantium.</strong></span> <span class='ocrx_word' id='word_1_5' title='bbox 922 896 991 958; x_wconf 91' lang='lat' dir='ltr'><strong>Nec</strong></span> <span class='ocrx_word' id='word_1_6' title='bbox 1008 893 1140 958; x_wconf 88' lang='lat' dir='ltr'><strong>meliore</strong></span> <span class='ocrx_word' id='word_1_7' title='bbox 1162 916 1222 957; x_wconf 93' lang='lat' dir='ltr'><strong>nos</strong></span> <span class='ocrx_word' id='word_1_8' title='bbox 1247 914 1304 981; x_wconf 84' lang='lat' dir='ltr'><strong>spe</strong></span> <span class='ocrx_word' id='word_1_9' title='bbox 1319 894 1377 957; x_wconf 64' lang='lat' dir='ltr'><strong>⁴sol</strong></span> 
     </span>
     <span class='ocr_line' id='line_1_3' title="bbox 382 985 1384 1090; baseline -0.007 -25"><span class='ocrx_word' id='word_1_10' title='bbox 382 1001 417 1066; x_wconf 92' lang='lat' dir='ltr'><strong>id</strong></span> <span class='ocrx_word' id='word_1_11' title='bbox 442 1002 532 1090; x_wconf 89' lang='lat' dir='ltr'><strong>quod</strong></span> <span class='ocrx_word' id='word_1_12' title='bbox 557 1003 759 1067; x_wconf 85' lang='lat' dir='ltr'><strong>Colomesius</strong></span> <span class='ocrx_word' id='word_1_13' title='bbox 774 1002 819 1089; x_wconf 87' lang='grc' dir='ltr'><strong>(ι)</strong></span> <span class='ocrx_word' id='word_1_14' title='bbox 847 1003 888 1066; x_wconf 90' lang='lat' dir='ltr'><strong>ab</strong></span> <span class='ocrx_word' id='word_1_15' title='bbox 916 1002 1050 1065; x_wconf 93' lang='lat' dir='ltr'><strong>homine</strong></span> <span class='ocrx_word' id='word_1_16' title='bbox 1074 999 1270 1064; x_wconf 81' lang='lat' dir='ltr'><strong>candidioris</strong></span> <span class='ocrx_word' id='word_1_17' title='bbox 1295 985 1384 1088; x_wconf 77' lang='lat' dir='ltr'><strong>pect</strong></span> 
     </span>
     <span class='ocr_line' id='line_1_4' title="bbox 383 1105 1380 1200; baseline -0.002 -27"><span class='ocrx_word' id='word_1_18' title='bbox 383 1132 482 1196; x_wconf 89' lang='lat' dir='ltr'><strong>quam</strong></span> <span class='ocrx_word' id='word_1_19' title='bbox 495 1110 646 1174; x_wconf 80' lang='lat' dir='ltr'><strong>felicioris</strong></span> <span class='ocrx_word' id='word_1_20' title='bbox 659 1110 781 1200; x_wconf 84' lang='lat' dir='ltr'><strong>ingenii</strong></span> <span class='ocrx_word' id='word_1_21' title='bbox 795 1109 969 1197; x_wconf 89' lang='lat' dir='ltr'><strong>Capellano</strong></span> <span class='ocrx_word' id='word_1_22' title='bbox 983 1107 1046 1170; x_wconf 91' lang='lat' dir='ltr'><strong>sibi</strong></span> <span class='ocrx_word' id='word_1_23' title='bbox 1060 1105 1183 1170; x_wconf 92' lang='lat' dir='ltr'><strong>dictum</strong></span> <span class='ocrx_word' id='word_1_24' title='bbox 1196 1107 1230 1170; x_wconf 90' lang='lat' dir='ltr'><strong>in</strong></span> <span class='ocrx_word' id='word_1_25' title='bbox 1244 1107 1351 1171; x_wconf 87' lang='lat' dir='ltr'><strong>literas</strong></span> <span class='ocrx_word' id='word_1_26' title='bbox 1364 1131 1380 1170; x_wconf 90' lang='lat' dir='ltr'><strong>r</strong></span> 
     </span>
     <span class='ocr_line' id='line_1_5' title="bbox 383 1213 1377 1304; baseline -0.002 -26"><span class='ocrx_word' id='word_1_27' title='bbox 383 1215 438 1279; x_wconf 92' lang='lat' dir='ltr'><strong>lit:</strong></span> <span class='ocrx_word' id='word_1_28' title='bbox 465 1216 640 1303; x_wconf 84' lang='lat' dir='ltr'>quemdam</span> <span class='ocrx_word' id='word_1_29' title='bbox 662 1215 1007 1304; x_wconf 88' lang='lat' dir='ltr'><strong>Capellani&#39;amicum,</strong></span> <span class='ocrx_word' id='word_1_30' title='bbox 1029 1214 1136 1276; x_wconf 88' lang='lat' dir='ltr'><strong>virum</strong></span> <span class='ocrx_word' id='word_1_31' title='bbox 1156 1236 1224 1277; x_wconf 92' lang='lat' dir='ltr'><strong>non</strong></span> <span class='ocrx_word' id='word_1_32' title='bbox 1248 1213 1377 1278; x_wconf 88' lang='lat' dir='ltr'><strong>illiterat</strong></span> 
     </span>
     <span class='ocr_line' id='line_1_6' title="bbox 383 1321 1369 1412; baseline -0.001 -26"><span class='ocrx_word' id='word_1_33' title='bbox 383 1345 487 1409; x_wconf 89' lang='lat' dir='ltr'><strong>quum</strong></span> <span class='ocrx_word' id='word_1_34' title='bbox 502 1324 567 1412; x_wconf 91' lang='lat' dir='ltr'><strong>pila</strong></span> <span class='ocrx_word' id='word_1_35' title='bbox 581 1323 724 1405; x_wconf 83' lang='lat' dir='ltr'>luderet,</span> <span class='ocrx_word' id='word_1_36' title='bbox 743 1322 1007 1387; x_wconf 83' lang='lat' dir='ltr'><strong>animadvertisse</strong></span> <span class='ocrx_word' id='word_1_37' title='bbox 1021 1321 1056 1384; x_wconf 94' lang='lat' dir='ltr'><strong>in</strong></span> <span class='ocrx_word' id='word_1_38' title='bbox 1077 1344 1114 1384; x_wconf 93' lang='lat' dir='ltr'><strong>ea</strong></span> <span class='ocrx_word' id='word_1_39' title='bbox 1136 1321 1278 1409; x_wconf 89' lang='lat' dir='ltr'><strong>palmula</strong></span> <span class='ocrx_word' id='word_1_40' title='bbox 1297 1344 1369 1409; x_wconf 79' lang='lat' dir='ltr'><strong>quae</strong></span> 
     </span>
     <span class='ocr_line' id='line_1_7' title="bbox 382 1425 1376 1518; baseline -0.007 -26"><span class='ocrx_word' id='word_1_41' title='bbox 382 1447 465 1493; x_wconf 88' lang='lat' dir='ltr'><strong>esset</strong></span> <span class='ocrx_word' id='word_1_42' title='bbox 478 1429 520 1494; x_wconf 91' lang='lat' dir='ltr'><strong>ad</strong></span> <span class='ocrx_word' id='word_1_43' title='bbox 535 1453 688 1512; x_wconf 91' lang='lat' dir='ltr'><strong>manum,</strong></span> <span class='ocrx_word' id='word_1_44' title='bbox 704 1431 886 1518; x_wconf 81' lang='lat' dir='ltr'><strong>fragmenta</strong></span> <span class='ocrx_word' id='word_1_45' title='bbox 898 1425 1118 1516; x_wconf 90' lang='lat' dir='ltr'><strong>quorumdam</strong></span> <span class='ocrx_word' id='word_1_46' title='bbox 1130 1427 1212 1491; x_wconf 84' lang='lat' dir='ltr'><strong>Livii</strong></span> <span class='ocrx_word' id='word_1_47' title='bbox 1226 1426 1376 1492; x_wconf 76' lang='lat' dir='ltr'><strong>librom..</strong></span> 
     </span>
     <span class='ocr_line' id='line_1_8' title="bbox 382 1534 1378 1625; baseline -0.001 -27"><span class='ocrx_word' id='word_1_48' title='bbox 382 1535 481 1600; x_wconf 88' lang='lat' dir='ltr'><strong>hodie</strong></span> <span class='ocrx_word' id='word_1_49' title='bbox 499 1560 567 1602; x_wconf 93' lang='lat' dir='ltr'><strong>non</strong></span> <span class='ocrx_word' id='word_1_50' title='bbox 587 1553 734 1619; x_wconf 80' lang='lat' dir='ltr'><strong>exstent3</strong></span> <span class='ocrx_word' id='word_1_51' title='bbox 760 1559 932 1625; x_wconf 91' lang='lat' dir='ltr'><strong>quumque</strong></span> <span class='ocrx_word' id='word_1_52' title='bbox 956 1557 1032 1599; x_wconf 62' lang='lat' dir='ltr'><strong>rem,</strong></span> <span class='ocrx_word' id='word_1_53' title='bbox 1046 1534 1108 1598; x_wconf 90' lang='lat' dir='ltr'><strong>sibi</strong></span> <span class='ocrx_word' id='word_1_54' title='bbox 1129 1534 1265 1599; x_wconf 85' lang='lat' dir='ltr'><strong>ulterius</strong></span> <span class='ocrx_word' id='word_1_55' title='bbox 1285 1535 1378 1622; x_wconf 88' lang='lat' dir='ltr'>inqui</span> 
     </span>
     <span class='ocr_line' id='line_1_9' title="bbox 382 1639 1353 1732; baseline -0.001 -26"><span class='ocrx_word' id='word_1_56' title='bbox 382 1640 632 1732; x_wconf 82' lang='lat' dir='ltr'><strong>dam-putasset,</strong></span> <span class='ocrx_word' id='word_1_57' title='bbox 643 1644 841 1731; x_wconf 89' lang='lat' dir='ltr'><strong>comperisse</strong></span> <span class='ocrx_word' id='word_1_58' title='bbox 853 1664 906 1705; x_wconf 90' lang='lat' dir='ltr'><strong>eas</strong></span> <span class='ocrx_word' id='word_1_59' title='bbox 918 1663 987 1705; x_wconf 89' lang='lat' dir='ltr'><strong>esse</strong></span> <span class='ocrx_word' id='word_1_60' title='bbox 1001 1639 1151 1727; x_wconf 80' lang='lat' dir='ltr'><strong>reliquias</strong></span> <span class='ocrx_word' id='word_1_61' title='bbox 1164 1641 1288 1727; x_wconf 80' lang='lat' dir='ltr'><strong>aliquot</strong></span> <span class='ocrx_word' id='word_1_62' title='bbox 1304 1686 1310 1696; x_wconf 74' lang='lat'><em>·</em></span> <span class='ocrx_word' id='word_1_63' title='bbox 1348 1671 1353 1697; x_wconf 79' lang='grc' dir='ltr'>ι</span> 
     </span>
     <span class='ocr_line' id='line_1_10' title="bbox 381 1745 1384 1836; baseline 0.001 -26"><span class='ocrx_word' id='word_1_64' title='bbox 381 1750 660 1830; x_wconf 88' lang='lat' dir='ltr'><strong>membranarum,</strong></span> <span class='ocrx_word' id='word_1_65' title='bbox 677 1772 750 1836; x_wconf 84' lang='lat' dir='ltr'><strong>quaa</strong></span> <span class='ocrx_word' id='word_1_66' title='bbox 772 1771 791 1810; x_wconf 91' lang='lat' dir='ltr'><strong>a</strong></span> <span class='ocrx_word' id='word_1_67' title='bbox 812 1747 1010 1810; x_wconf 85' lang='lat' dir='ltr'><strong>monialibus</strong></span> <span class='ocrx_word' id='word_1_68' title='bbox 1033 1745 1151 1809; x_wconf 91' lang='lat' dir='ltr'><strong>domus</strong></span> <span class='ocrx_word' id='word_1_69' title='bbox 1172 1746 1384 1811; x_wconf 87' lang='lat' dir='ltr'><strong>Fontebrald</strong></span> 
     </span>
     <span class='ocr_line' id='line_1_11' title="bbox 380 1850 1370 1944; baseline -0.001 -27"><span class='ocrx_word' id='word_1_70' title='bbox 380 1853 642 1944; x_wconf 69' lang='lat' dir='ltr'><strong>pharmacopola</strong></span> <span class='ocrx_word' id='word_1_71' title='bbox 660 1852 791 1919; x_wconf 92' lang='lat' dir='ltr'><strong>cuidam</strong></span> <span class='ocrx_word' id='word_1_72' title='bbox 809 1852 954 1931; x_wconf 87' lang='lat' dir='ltr'><strong>donatae,</strong></span> <span class='ocrx_word' id='word_1_73' title='bbox 977 1852 1018 1915; x_wconf 89' lang='lat' dir='ltr'><strong>ab</strong></span> <span class='ocrx_word' id='word_1_74' title='bbox 1041 1850 1105 1914; x_wconf 91' lang='lat' dir='ltr'><strong>hoc</strong></span> <span class='ocrx_word' id='word_1_75' title='bbox 1130 1852 1242 1939; x_wconf 84' lang='lat' dir='ltr'><strong>ignaro</strong></span> <span class='ocrx_word' id='word_1_76' title='bbox 1266 1853 1370 1939; x_wconf 86' lang='lat' dir='ltr'><strong>qualis</strong></span> 
     </span>
     <span class='ocr_line' id='line_1_12' title="bbox 381 1958 1378 2047; baseline -0.002 -25"><span class='ocrx_word' id='word_1_77' title='bbox 381 1960 552 2025; x_wconf 84' lang='lat' dir='ltr'><strong>thesaurus</strong></span> <span class='ocrx_word' id='word_1_78' title='bbox 567 1961 752 2025; x_wconf 87' lang='lat' dir='ltr'><strong>obvenisset</strong></span> <span class='ocrx_word' id='word_1_79' title='bbox 769 1958 907 2022; x_wconf 76' lang='lat' dir='ltr'><strong>venditae</strong></span> <span class='ocrx_word' id='word_1_80' title='bbox 927 1961 1035 2021; x_wconf 85' lang='lat' dir='ltr'><strong>lorent</strong></span> <span class='ocrx_word' id='word_1_81' title='bbox 1055 1958 1204 2044; x_wconf 91' lang='lat' dir='ltr'><strong>operario</strong></span> <span class='ocrx_word' id='word_1_82' title='bbox 1223 1958 1378 2047; x_wconf 83' lang='lat' dir='ltr'><strong>ignobili,</strong></span> 
     </span>
     <span class='ocr_line' id='line_1_13' title="bbox 380 2060 1377 2152; baseline -0.001 -24"><span class='ocrx_word' id='word_1_83' title='bbox 380 2065 419 2130; x_wconf 86' lang='lat' dir='ltr'><strong>iis</strong></span> <span class='ocrx_word' id='word_1_84' title='bbox 434 2067 556 2131; x_wconf 85' lang='lat' dir='ltr'><strong>abusus</strong></span> <span class='ocrx_word' id='word_1_85' title='bbox 572 2081 656 2131; x_wconf 89' lang='lat' dir='ltr'><strong>esset</strong></span> <span class='ocrx_word' id='word_1_86' title='bbox 669 2064 711 2129; x_wconf 92' lang='lat' dir='ltr'><strong>ad</strong></span> <span class='ocrx_word' id='word_1_87' title='bbox 726 2062 879 2152; x_wconf 84' lang='lat' dir='ltr'><strong>tegendas</strong></span> <span class='ocrx_word' id='word_1_88' title='bbox 895 2063 963 2125; x_wconf 86' lang='lat' dir='ltr'><strong>illas</strong></span> <span class='ocrx_word' id='word_1_89' title='bbox 978 2062 1135 2150; x_wconf 89' lang='lat' dir='ltr'><strong>palmulas</strong></span> <span class='ocrx_word' id='word_1_90' title='bbox 1151 2062 1272 2150; x_wconf 83' lang='lat' dir='ltr'><strong>quibus</strong></span> <span class='ocrx_word' id='word_1_91' title='bbox 1285 2064 1349 2151; x_wconf 90' lang='lat' dir='ltr'><strong>pila</strong></span> <span class='ocrx_word' id='word_1_92' title='bbox 1364 2060 1377 2127; x_wconf 95' lang='lat' dir='ltr'><strong>l</strong></span> 
     </span>
     <span class='ocr_line' id='line_1_14' title="bbox 379 2171 1384 2252; baseline -0.001 -15"><span class='ocrx_word' id='word_1_93' title='bbox 379 2189 444 2238; x_wconf 88' lang='lat' dir='ltr'><strong>tur.</strong></span> <span class='ocrx_word' id='word_1_94' title='bbox 458 2176 556 2237; x_wconf 90' lang='lat' dir='ltr'><strong>Vanis</strong></span> <span class='ocrx_word' id='word_1_95' title='bbox 571 2172 762 2252; x_wconf 86' lang='lat' dir='ltr'><strong>hujusmodi</strong></span> <span class='ocrx_word' id='word_1_96' title='bbox 778 2172 848 2234; x_wconf 91' lang='lat' dir='ltr'><strong>sine</strong></span> <span class='ocrx_word' id='word_1_97' title='bbox 871 2187 960 2234; x_wconf 92' lang='lat' dir='ltr'><strong>certo</strong></span> <span class='ocrx_word' id='word_1_98' title='bbox 986 2187 1119 2234; x_wconf 90' lang='lat' dir='ltr'><strong>auctore</strong></span> <span class='ocrx_word' id='word_1_99' title='bbox 1142 2171 1330 2236; x_wconf 89' lang='lat' dir='ltr'><strong>rumoribus</strong></span> <span class='ocrx_word' id='word_1_100' title='bbox 1354 2171 1384 2236; x_wconf 45' lang='lat' dir='ltr'><strong>li¹</strong></span> 
     </span>
     <span class='ocr_line' id='line_1_15' title="bbox 379 2278 1171 2367; baseline -0.006 -22"><span class='ocrx_word' id='word_1_101' title='bbox 379 2280 514 2360; x_wconf 89' lang='lat' dir='ltr'><strong>habeat,</strong></span> <span class='ocrx_word' id='word_1_102' title='bbox 535 2281 587 2344; x_wconf 93' lang='lat' dir='ltr'><strong>cui</strong></span> <span class='ocrx_word' id='word_1_103' title='bbox 603 2279 762 2367; x_wconf 85' lang='lat' dir='ltr'><strong>placuerit</strong></span> <span class='ocrx_word' id='word_1_104' title='bbox 777 2301 845 2342; x_wconf 91' lang='lat' dir='ltr'><strong>sese</strong></span> <span class='ocrx_word' id='word_1_105' title='bbox 863 2279 951 2341; x_wconf 93' lang='lat' dir='ltr'><strong>inani</strong></span> <span class='ocrx_word' id='word_1_106' title='bbox 970 2300 1027 2365; x_wconf 90' lang='lat' dir='ltr'><strong>spe</strong></span> <span class='ocrx_word' id='word_1_107' title='bbox 1045 2278 1171 2341; x_wconf 89' lang='lat' dir='ltr'><strong>lactare.</strong></span> 
     </span>
    </p>

    <p class='ocr_par' dir='ltr' id='par_1_3' title="bbox 376 2382 1384 4273">
     <span class='ocr_line' id='line_1_16' title="bbox 424 2382 1384 2473; baseline -0.002 -24"><span class='ocrx_word' id='word_1_108' title='bbox 424 2386 558 2449; x_wconf 87' lang='lat' dir='ltr'><strong>Partitio</strong></span> <span class='ocrx_word' id='word_1_109' title='bbox 581 2385 688 2473; x_wconf 90' lang='lat' dir='ltr'><strong>operis</strong></span> <span class='ocrx_word' id='word_1_110' title='bbox 712 2385 745 2447; x_wconf 91' lang='lat' dir='ltr'><strong>in</strong></span> <span class='ocrx_word' id='word_1_111' title='bbox 767 2382 902 2448; x_wconf 85' lang='lat' dir='ltr'><strong>decades</strong></span> <span class='ocrx_word' id='word_1_112' title='bbox 925 2401 1072 2448; x_wconf 85' lang='lat' dir='ltr'><strong>utruma</strong></span> <span class='ocrx_word' id='word_1_113' title='bbox 1095 2383 1186 2448; x_wconf 84' lang='lat' dir='ltr'><strong>Livio</strong></span> <span class='ocrx_word' id='word_1_114' title='bbox 1206 2386 1267 2465; x_wconf 91' lang='lat' dir='ltr'><strong>sit,</strong></span> <span class='ocrx_word' id='word_1_115' title='bbox 1292 2383 1384 2448; x_wconf 89' lang='lat' dir='ltr'><strong>dubi</strong></span> 
     </span>
     <span class='ocr_line' id='line_1_17' title="bbox 380 2491 1377 2579; baseline 0 -25"><span class='ocrx_word' id='word_1_116' title='bbox 380 2491 570 2570; x_wconf 77' lang='lat' dir='ltr'><strong>petrarcha,</strong></span> <span class='ocrx_word' id='word_1_117' title='bbox 595 2491 652 2578; x_wconf 91' lang='lat' dir='ltr'><strong>qui</strong></span> <span class='ocrx_word' id='word_1_118' title='bbox 678 2512 749 2554; x_wconf 89' lang='lat' dir='ltr'><strong>eam</strong></span> <span class='ocrx_word' id='word_1_119' title='bbox 774 2491 884 2579; x_wconf 87' lang='lat' dir='ltr'><strong>potius</strong></span> <span class='ocrx_word' id='word_1_120' title='bbox 909 2506 1014 2553; x_wconf 90' lang='lat' dir='ltr'><strong>ortam</strong></span> <span class='ocrx_word' id='word_1_121' title='bbox 1037 2512 1107 2553; x_wconf 92' lang='lat' dir='ltr'><strong>esse</strong></span> <span class='ocrx_word' id='word_1_122' title='bbox 1128 2506 1222 2577; x_wconf 89' lang='lat' dir='ltr'><strong>putat</strong></span> <span class='ocrx_word' id='word_1_123' title='bbox 1246 2514 1264 2554; x_wconf 92' lang='lat' dir='ltr'><strong>e</strong></span> <span class='ocrx_word' id='word_1_124' title='bbox 1289 2491 1377 2554; x_wconf 81' lang='lat' dir='ltr'><strong>lasti</strong></span> 
     </span>
     <span class='ocr_line' id='line_1_18' title="bbox 378 2585 1384 2688; baseline -0.001 -27"><span class='ocrx_word' id='word_1_125' title='bbox 378 2597 555 2688; x_wconf 82' lang='lat' dir='ltr'><strong>legentium</strong></span> <span class='ocrx_word' id='word_1_126' title='bbox 574 2598 711 2687; x_wconf 81' lang='lat' dir='ltr'><strong>ignavia.</strong></span> <span class='ocrx_word' id='word_1_127' title='bbox 728 2596 818 2660; x_wconf 89' lang='lat' dir='ltr'><strong>Idem</strong></span> <span class='ocrx_word' id='word_1_128' title='bbox 835 2596 975 2660; x_wconf 86' lang='lat' dir='ltr'><strong>adstruit</strong></span> <span class='ocrx_word' id='word_1_129' title='bbox 989 2585 1148 2685; x_wconf 78' lang='lat' dir='ltr'><strong>Sigonius</strong></span> <span class='ocrx_word' id='word_1_130' title='bbox 1164 2595 1211 2682; x_wconf 85' lang='lat'><strong>(2)</strong></span> <span class='ocrx_word' id='word_1_131' title='bbox 1233 2620 1272 2660; x_wconf 84' lang='lat' dir='ltr'><strong>ex</strong></span> <span class='ocrx_word' id='word_1_132' title='bbox 1292 2620 1384 2684; x_wconf 87' lang='lat' dir='ltr'><strong>per·</strong></span> 
     </span>
     <span class='ocr_line' id='line_1_19' title="bbox 377 2702 1369 2792; baseline 0 -27"><span class='ocrx_word' id='word_1_133' title='bbox 377 2719 524 2770; x_wconf 86' lang='lat' dir='ltr'><strong>veterum</strong></span> <span class='ocrx_word' id='word_1_134' title='bbox 543 2705 847 2792; x_wconf 83' lang='lat' dir='ltr'><strong>grammaticorum,</strong></span> <span class='ocrx_word' id='word_1_135' title='bbox 866 2703 1037 2782; x_wconf 89' lang='lat' dir='ltr'><strong>Prisciani,</strong></span> <span class='ocrx_word' id='word_1_136' title='bbox 1055 2702 1241 2785; x_wconf 90' lang='lat' dir='ltr'><strong>Diomedis,</strong></span> <span class='ocrx_word' id='word_1_137' title='bbox 1263 2705 1369 2767; x_wconf 89' lang='lat' dir='ltr'><strong>Censo</strong></span> 
     </span>
     <span class='ocr_line' id='line_1_20' title="bbox 376 2808 1376 2897; baseline 0 -25"><span class='ocrx_word' id='word_1_138' title='bbox 376 2808 521 2897; x_wconf 89' lang='lat' dir='ltr'><strong>denique</strong></span> <span class='ocrx_word' id='word_1_139' title='bbox 532 2810 674 2873; x_wconf 88' lang='lat' dir='ltr'><strong>auctoris</strong></span> <span class='ocrx_word' id='word_1_140' title='bbox 688 2808 914 2897; x_wconf 84' lang='lat' dir='ltr'><strong>Epitomarum</strong></span> <span class='ocrx_word' id='word_1_141' title='bbox 928 2809 1073 2891; x_wconf 92' lang='lat' dir='ltr'><strong>silentio,</strong></span> <span class='ocrx_word' id='word_1_142' title='bbox 1093 2809 1151 2895; x_wconf 93' lang='lat' dir='ltr'><strong>qui</strong></span> <span class='ocrx_word' id='word_1_143' title='bbox 1165 2831 1280 2872; x_wconf 88' lang='lat' dir='ltr'><strong>omnes</strong></span> <span class='ocrx_word' id='word_1_144' title='bbox 1291 2809 1376 2872; x_wconf 88' lang='lat' dir='ltr'><strong>libro</strong></span> 
     </span>
     <span class='ocr_line' id='line_1_21' title="bbox 377 2914 1384 3003; baseline 0.001 -26"><span class='ocrx_word' id='word_1_145' title='bbox 377 2936 516 3003; x_wconf 88' lang='lat' dir='ltr'><strong>semper,</strong></span> <span class='ocrx_word' id='word_1_146' title='bbox 539 2938 720 3003; x_wconf 87' lang='lat' dir='ltr'><strong>numquam</strong></span> <span class='ocrx_word' id='word_1_147' title='bbox 748 2914 909 2978; x_wconf 90' lang='lat' dir='ltr'><strong>decadum</strong></span> <span class='ocrx_word' id='word_1_148' title='bbox 933 2916 1135 2977; x_wconf 90' lang='lat' dir='ltr'><strong>mentionem</strong></span> <span class='ocrx_word' id='word_1_149' title='bbox 1160 2915 1294 2979; x_wconf 86' lang='lat' dir='ltr'><strong>faciunt.</strong></span> <span class='ocrx_word' id='word_1_150' title='bbox 1383 2947 1384 2966; x_wconf 39' lang='grc' dir='ltr'><strong>κ</strong></span> 
     </span>
     <span class='ocr_line' id='line_1_22' title="bbox 379 3019 1376 3108; baseline -0.001 -24"><span class='ocrx_word' id='word_1_151' title='bbox 379 3019 529 3106; x_wconf 89' lang='lat' dir='ltr'><strong>quidam,</strong></span> <span class='ocrx_word' id='word_1_152' title='bbox 551 3037 589 3084; x_wconf 90' lang='lat' dir='ltr'><strong>nt</strong></span> <span class='ocrx_word' id='word_1_153' title='bbox 604 3021 798 3084; x_wconf 87' lang='lat' dir='ltr'><strong>contrariam</strong></span> <span class='ocrx_word' id='word_1_154' title='bbox 816 3021 1006 3108; x_wconf 87' lang='lat' dir='ltr'><strong>opinionem</strong></span> <span class='ocrx_word' id='word_1_155' title='bbox 1024 3037 1195 3101; x_wconf 88' lang='lat' dir='ltr'><strong>tueantur,</strong></span> <span class='ocrx_word' id='word_1_156' title='bbox 1216 3020 1376 3100; x_wconf 85' lang='lat' dir='ltr'><strong>objiciunt</strong></span> 
     </span>
     <span class='ocr_line' id='line_1_23' title="bbox 377 3125 1351 3216; baseline 0.002 -28"><span class='ocrx_word' id='word_1_157' title='bbox 377 3126 468 3189; x_wconf 82' lang='lat' dir='ltr'><strong>vium</strong></span> <span class='ocrx_word' id='word_1_158' title='bbox 485 3127 514 3189; x_wconf 92' lang='lat' dir='ltr'><strong>ei</strong></span> <span class='ocrx_word' id='word_1_159' title='bbox 533 3128 642 3215; x_wconf 88' lang='lat' dir='ltr'><strong>ipsum</strong></span> <span class='ocrx_word' id='word_1_160' title='bbox 660 3127 763 3190; x_wconf 84' lang='lat' dir='ltr'><strong>videri</strong></span> <span class='ocrx_word' id='word_1_161' title='bbox 787 3126 1033 3215; x_wconf 88' lang='lat' dir='ltr'><strong>quodammodo</strong></span> <span class='ocrx_word' id='word_1_162' title='bbox 1057 3127 1244 3216; x_wconf 75' lang='lat' dir='ltr'><strong>suffragari,</strong></span> <span class='ocrx_word' id='word_1_163' title='bbox 1271 3125 1351 3190; x_wconf 91' lang='lat' dir='ltr'><strong>dum</strong></span> 
     </span>
     <span class='ocr_line' id='line_1_24' title="bbox 376 3232 1356 3322; baseline 0.001 -26"><span class='ocrx_word' id='word_1_164' title='bbox 376 3232 534 3320; x_wconf 77' lang='lat' dir='ltr'><strong>vigesimo</strong></span> <span class='ocrx_word' id='word_1_165' title='bbox 558 3234 665 3321; x_wconf 89' lang='lat' dir='ltr'><strong>primo</strong></span> <span class='ocrx_word' id='word_1_166' title='bbox 683 3249 716 3297; x_wconf 90' lang='lat' dir='ltr'><strong>et</strong></span> <span class='ocrx_word' id='word_1_167' title='bbox 734 3235 901 3321; x_wconf 84' lang='lat' dir='ltr'><strong>trigesimo</strong></span> <span class='ocrx_word' id='word_1_168' title='bbox 917 3236 1025 3322; x_wconf 92' lang='lat' dir='ltr'><strong>primo</strong></span> <span class='ocrx_word' id='word_1_169' title='bbox 1042 3233 1131 3296; x_wconf 91' lang='lat' dir='ltr'><strong>libris</strong></span> <span class='ocrx_word' id='word_1_170' title='bbox 1150 3234 1356 3321; x_wconf 84' lang='lat' dir='ltr'><strong>praelationes</strong></span> 
     </span>
     <span class='ocr_line' id='line_1_25' title="bbox 378 3337 1381 3427; baseline 0.004 -28"><span class='ocrx_word' id='word_1_171' title='bbox 378 3337 488 3402; x_wconf 87' lang='lat' dir='ltr'><strong>mittit.</strong></span> <span class='ocrx_word' id='word_1_172' title='bbox 503 3338 633 3402; x_wconf 90' lang='lat' dir='ltr'><strong>Etenim</strong></span> <span class='ocrx_word' id='word_1_173' title='bbox 647 3355 735 3403; x_wconf 90' lang='lat' dir='ltr'><strong>recte</strong></span> <span class='ocrx_word' id='word_1_174' title='bbox 751 3340 902 3404; x_wconf 87' lang='lat' dir='ltr'><strong>observat</strong></span> <span class='ocrx_word' id='word_1_175' title='bbox 916 3340 1066 3420; x_wconf 81' lang='lat' dir='ltr'><strong>Dujatius</strong></span> <span class='ocrx_word' id='word_1_176' title='bbox 1077 3339 1122 3427; x_wconf 83' lang='lat'><strong>(3)</strong></span> <span class='ocrx_word' id='word_1_177' title='bbox 1141 3340 1269 3404; x_wconf 90' lang='lat' dir='ltr'><strong>Livium</strong></span> <span class='ocrx_word' id='word_1_178' title='bbox 1286 3362 1354 3404; x_wconf 91' lang='lat' dir='ltr'><strong>non</strong></span> <span class='ocrx_word' id='word_1_179' title='bbox 1378 3387 1381 3395; x_wconf 77' lang='lat'><strong>,</strong></span> 
     </span>
     <span class='ocr_line' id='line_1_26' title="bbox 377 3441 1384 3535; baseline 0.004 -31"><span class='ocrx_word' id='word_1_180' title='bbox 377 3441 511 3508; x_wconf 90' lang='lat' dir='ltr'><strong>milibus</strong></span> <span class='ocrx_word' id='word_1_181' title='bbox 535 3446 624 3509; x_wconf 87' lang='lat' dir='ltr'><strong>velut</strong></span> <span class='ocrx_word' id='word_1_182' title='bbox 648 3447 813 3533; x_wconf 86' lang='lat' dir='ltr'><strong>prooemiis</strong></span> <span class='ocrx_word' id='word_1_183' title='bbox 839 3462 927 3509; x_wconf 83' lang='lat' dir='ltr'><strong>extra</strong></span> <span class='ocrx_word' id='word_1_184' title='bbox 953 3445 1112 3510; x_wconf 89' lang='lat' dir='ltr'><strong>decadum</strong></span> <span class='ocrx_word' id='word_1_185' title='bbox 1137 3469 1271 3533; x_wconf 89' lang='lat' dir='ltr'><strong>quoque</strong></span> <span class='ocrx_word' id='word_1_186' title='bbox 1293 3447 1384 3535; x_wconf 87' lang='lat' dir='ltr'><strong>prin</strong></span> 
     </span>
     <span class='ocr_line' id='line_1_27' title="bbox 376 3548 1380 3641; baseline 0.003 -29"><span class='ocrx_word' id='word_1_187' title='bbox 376 3548 557 3616; x_wconf 90' lang='lat' dir='ltr'><strong>identidem</strong></span> <span class='ocrx_word' id='word_1_188' title='bbox 587 3575 684 3616; x_wconf 87' lang='lat' dir='ltr'><strong>usum</strong></span> <span class='ocrx_word' id='word_1_189' title='bbox 711 3577 780 3618; x_wconf 90' lang='lat' dir='ltr'><strong>esse</strong></span> <span class='ocrx_word' id='word_1_190' title='bbox 812 3553 852 3616; x_wconf 90' lang='lat' dir='ltr'><strong>ad</strong></span> <span class='ocrx_word' id='word_1_191' title='bbox 881 3554 1101 3617; x_wconf 83' lang='lat' dir='ltr'><strong>renovandam</strong></span> <span class='ocrx_word' id='word_1_192' title='bbox 1129 3554 1258 3617; x_wconf 82' lang='lat' dir='ltr'><strong>lectoris</strong></span> <span class='ocrx_word' id='word_1_193' title='bbox 1287 3553 1380 3641; x_wconf 83' lang='lat' dir='ltr'><strong>long·</strong></span> 
     </span>
     <span class='ocr_line' id='line_1_28' title="bbox 379 3658 1376 3746; baseline 0.003 -27"><span class='ocrx_word' id='word_1_194' title='bbox 379 3678 483 3743; x_wconf 85' lang='lat' dir='ltr'><strong>opere</strong></span> <span class='ocrx_word' id='word_1_195' title='bbox 500 3658 731 3739; x_wconf 86' lang='lat' dir='ltr'><strong>attentionem,</strong></span> <span class='ocrx_word' id='word_1_196' title='bbox 753 3660 804 3722; x_wconf 87' lang='lat' dir='ltr'><strong>vel</strong></span> <span class='ocrx_word' id='word_1_197' title='bbox 828 3660 855 3722; x_wconf 91' lang='lat' dir='ltr'><strong>si</strong></span> <span class='ocrx_word' id='word_1_198' title='bbox 882 3659 1014 3746; x_wconf 86' lang='lat' dir='ltr'><strong>quando</strong></span> <span class='ocrx_word' id='word_1_199' title='bbox 1038 3659 1192 3722; x_wconf 89' lang='lat' dir='ltr'><strong>scribenti</strong></span> <span class='ocrx_word' id='word_1_200' title='bbox 1217 3658 1319 3736; x_wconf 87' lang='lat' dir='ltr'><strong>major</strong></span> <span class='ocrx_word' id='word_1_201' title='bbox 1341 3681 1376 3722; x_wconf 88' lang='lat' dir='ltr'><strong>re</strong></span> 
     </span>
     <span class='ocr_line' id='line_1_29' title="bbox 378 3761 1381 3854; baseline 0.003 -28"><span class='ocrx_word' id='word_1_202' title='bbox 378 3761 462 3826; x_wconf 92' lang='lat' dir='ltr'><strong>ordo</strong></span> <span class='ocrx_word' id='word_1_203' title='bbox 477 3780 674 3843; x_wconf 83' lang='lat' dir='ltr'><strong>nasceretur,</strong></span> <span class='ocrx_word' id='word_1_204' title='bbox 691 3782 729 3829; x_wconf 90' lang='lat' dir='ltr'><strong>ut</strong></span> <span class='ocrx_word' id='word_1_205' title='bbox 745 3782 833 3854; x_wconf 88' lang='lat' dir='ltr'><strong>patet</strong></span> <span class='ocrx_word' id='word_1_206' title='bbox 849 3789 888 3829; x_wconf 83' lang='lat' dir='ltr'><strong>ex</strong></span> <span class='ocrx_word' id='word_1_207' title='bbox 907 3766 980 3829; x_wconf 91' lang='lat' dir='ltr'><strong>libri</strong></span> <span class='ocrx_word' id='word_1_208' title='bbox 997 3765 1076 3828; x_wconf 82' lang='lat' dir='ltr'><strong>sexti</strong></span> <span class='ocrx_word' id='word_1_209' title='bbox 1094 3766 1256 3851; x_wconf 84' lang='lat' dir='ltr'><strong>ingressu,</strong></span> <span class='ocrx_word' id='word_1_210' title='bbox 1276 3780 1309 3829; x_wconf 90' lang='lat' dir='ltr'><strong>et</strong></span> <span class='ocrx_word' id='word_1_211' title='bbox 1322 3788 1381 3853; x_wconf 89' lang='lat' dir='ltr'><strong>cap</strong></span> 
     </span>
     <span class='ocr_line' id='line_1_30' title="bbox 377 3868 1383 3960; baseline 0.003 -29"><span class='ocrx_word' id='word_1_212' title='bbox 377 3868 433 3932; x_wconf 89' lang='lat' dir='ltr'><strong>lib.</strong></span> <span class='ocrx_word' id='word_1_213' title='bbox 447 3869 504 3932; x_wconf 89' lang='lat' dir='ltr'><strong>vl.</strong></span> <span class='ocrx_word' id='word_1_214' title='bbox 525 3869 703 3932; x_wconf 88' lang='lat' dir='ltr'><strong>Contendit</strong></span> <span class='ocrx_word' id='word_1_215' title='bbox 726 3893 803 3960; x_wconf 86' lang='lat' dir='ltr'><strong>ergo</strong></span> <span class='ocrx_word' id='word_1_216' title='bbox 824 3871 975 3960; x_wconf 82' lang='lat' dir='ltr'><strong>Sigonius</strong></span> <span class='ocrx_word' id='word_1_217' title='bbox 997 3891 1182 3957; x_wconf 82' lang='lat' dir='ltr'><strong>germanam</strong></span> <span class='ocrx_word' id='word_1_218' title='bbox 1201 3871 1307 3958; x_wconf 87' lang='lat' dir='ltr'><strong>operis</strong></span> <span class='ocrx_word' id='word_1_219' title='bbox 1327 3871 1383 3934; x_wconf 89' lang='lat' dir='ltr'><strong>Liv</strong></span> 
     </span>
     <span class='ocr_line' id='line_1_31' title="bbox 378 3974 1379 4063; baseline 0.005 -27"><span class='ocrx_word' id='word_1_220' title='bbox 378 3974 624 4063; x_wconf 88' lang='lat' dir='ltr'><strong>inscriptionem</strong></span> <span class='ocrx_word' id='word_1_221' title='bbox 644 3975 728 4039; x_wconf 89' lang='lat' dir='ltr'><strong>hanc</strong></span> <span class='ocrx_word' id='word_1_222' title='bbox 743 3977 860 4039; x_wconf 89' lang='lat' dir='ltr'><strong>fnisse:</strong></span> <span class='ocrx_word' id='word_1_223' title='bbox 878 3978 916 4039; x_wconf 90' lang='lat' dir='ltr'><strong>T.</strong></span> <span class='ocrx_word' id='word_1_224' title='bbox 934 3977 1021 4040; x_wconf 89' lang='lat' dir='ltr'><strong>L1vn</strong></span> <span class='ocrx_word' id='word_1_225' title='bbox 1044 3975 1203 4040; x_wconf 75' lang='lat' dir='ltr'><strong>Partvnu</strong></span> <span class='ocrx_word' id='word_1_226' title='bbox 1227 3999 1379 4041; x_wconf 79' lang='lat' dir='ltr'><strong>ursrotut</strong></span> 
     </span>
     <span class='ocr_line' id='line_1_32' title="bbox 377 4081 1384 4171; baseline 0.004 -27"><span class='ocrx_word' id='word_1_227' title='bbox 377 4103 419 4144; x_wconf 80' lang='lat' dir='ltr'><strong>an</strong></span> <span class='ocrx_word' id='word_1_228' title='bbox 435 4081 529 4144; x_wconf 74' lang='lat' dir='ltr'><strong>Urna</strong></span> <span class='ocrx_word' id='word_1_229' title='bbox 543 4103 681 4144; x_wconf 78' lang='lat' dir='ltr'><strong>conum</strong></span> <span class='ocrx_word' id='word_1_230' title='bbox 698 4103 787 4144; x_wconf 79' lang='lat' dir='ltr'><strong>raum</strong></span> <span class='ocrx_word' id='word_1_231' title='bbox 808 4083 935 4146; x_wconf 85' lang='lat' dir='ltr'><strong>CXLII.</strong></span> <span class='ocrx_word' id='word_1_232' title='bbox 953 4082 1034 4162; x_wconf 85' lang='lat' dir='ltr'><strong>Quae</strong></span> <span class='ocrx_word' id='word_1_233' title='bbox 1051 4083 1146 4145; x_wconf 90' lang='lat' dir='ltr'><strong>nobis</strong></span> <span class='ocrx_word' id='word_1_234' title='bbox 1166 4083 1279 4171; x_wconf 94' lang='lat' dir='ltr'><strong>opinio</strong></span> <span class='ocrx_word' id='word_1_235' title='bbox 1298 4085 1357 4148; x_wconf 86' lang='lat' dir='ltr'><strong>etsi</strong></span> <span class='ocrx_word' id='word_1_236' title='bbox 1381 4116 1384 4141; x_wconf 78' lang='grc' dir='ltr'>ι</span> 
     </span>
     <span class='ocr_line' id='line_1_33' title="bbox 377 4184 1377 4273; baseline 0.007 -25"><span class='ocrx_word' id='word_1_237' title='bbox 377 4186 516 4250; x_wconf 91' lang='lat' dir='ltr'><strong>babilior</strong></span> <span class='ocrx_word' id='word_1_238' title='bbox 532 4184 672 4266; x_wconf 89' lang='lat' dir='ltr'><strong>videtur,</strong></span> <span class='ocrx_word' id='word_1_239' title='bbox 687 4202 794 4249; x_wconf 86' lang='lat' dir='ltr'><strong>tamen</strong></span> <span class='ocrx_word' id='word_1_240' title='bbox 816 4211 882 4249; x_wconf 92' lang='lat' dir='ltr'><strong>non</strong></span> <span class='ocrx_word' id='word_1_241' title='bbox 907 4210 1033 4273; x_wconf 88' lang='lat' dir='ltr'><strong>semper</strong></span> <span class='ocrx_word' id='word_1_242' title='bbox 1050 4189 1281 4254; x_wconf 84' lang='lat' dir='ltr'><strong>abhorrnimus</strong></span> <span class='ocrx_word' id='word_1_243' title='bbox 1297 4191 1338 4255; x_wconf 94' lang='lat' dir='ltr'><strong>ab</strong></span> <span class='ocrx_word' id='word_1_244' title='bbox 1355 4189 1377 4254; x_wconf 93' lang='lat' dir='ltr'><strong>d</strong></span> 
     </span>
    </p>
   </div>
   <div class='ocr_carea' id='block_1_2' title="bbox 413 4364 1085 4605">
    <p class='ocr_par' dir='ltr' id='par_1_4' title="bbox 413 4364 1085 4605">
     <span class='ocr_line' id='line_1_34' title="bbox 414 4364 1085 4431; baseline 0.007 -20"><span class='ocrx_word' id='word_1_245' title='bbox 414 4366 452 4430; x_wconf 85' lang='lat'><strong>(1)</strong></span> <span class='ocrx_word' id='word_1_246' title='bbox 472 4365 603 4422; x_wconf 58' lang='lat' dir='ltr'><strong>conantes,</strong></span> <span class='ocrx_word' id='word_1_247' title='bbox 619 4366 718 4413; x_wconf 78' lang='lat' dir='ltr'><strong>Recucil</strong></span> <span class='ocrx_word' id='word_1_248' title='bbox 730 4366 761 4413; x_wconf 82' lang='lat' dir='ltr'><strong>de</strong></span> <span class='ocrx_word' id='word_1_249' title='bbox 773 4364 968 4422; x_wconf 59' lang='lat' dir='ltr'><strong>Particulonem,</strong></span> <span class='ocrx_word' id='word_1_250' title='bbox 986 4384 1010 4431; x_wconf 91' lang='lat' dir='ltr'><strong>p.</strong></span> <span class='ocrx_word' id='word_1_251' title='bbox 1025 4370 1085 4416; x_wconf 79' lang='lat'><strong>320.</strong></span> 
     </span>
     <span class='ocr_line' id='line_1_35' title="bbox 413 4452 921 4516; baseline 0.006 -18"><span class='ocrx_word' id='word_1_252' title='bbox 413 4452 452 4515; x_wconf 81' lang='lat' dir='ltr'><strong>(a)</strong></span> <span class='ocrx_word' id='word_1_253' title='bbox 471 4453 555 4516; x_wconf 76' lang='lat' dir='ltr'><strong>Sigon.</strong></span> <span class='ocrx_word' id='word_1_254' title='bbox 565 4455 670 4502; x_wconf 74' lang='lat' dir='ltr'><strong>Proteus.</strong></span> <span class='ocrx_word' id='word_1_255' title='bbox 681 4455 714 4502; x_wconf 82' lang='lat' dir='ltr'><strong>ad</strong></span> <span class='ocrx_word' id='word_1_256' title='bbox 724 4454 816 4502; x_wconf 80' lang='lat' dir='ltr'><strong>scholia</strong></span> <span class='ocrx_word' id='word_1_257' title='bbox 831 4455 856 4501; x_wconf 92' lang='lat' dir='ltr'><strong>in</strong></span> <span class='ocrx_word' id='word_1_258' title='bbox 870 4455 921 4501; x_wconf 80' lang='lat' dir='ltr'><strong>tiv.</strong></span> 
     </span>
     <span class='ocr_line' id='line_1_36' title="bbox 415 4540 759 4605; baseline 0.009 -18"><span class='ocrx_word' id='word_1_259' title='bbox 415 4540 452 4605; x_wconf 76' lang='lat'><strong>(3)</strong></span> <span class='ocrx_word' id='word_1_260' title='bbox 469 4542 552 4604; x_wconf 81' lang='lat' dir='ltr'><strong>Dujat.</strong></span> <span class='ocrx_word' id='word_1_261' title='bbox 564 4543 659 4596; x_wconf 75' lang='lat' dir='ltr'><strong>Proelrt.</strong></span> <span class='ocrx_word' id='word_1_262' title='bbox 670 4543 696 4590; x_wconf 91' lang='lat' dir='ltr'><strong>in</strong></span> <span class='ocrx_word' id='word_1_263' title='bbox 706 4545 759 4591; x_wconf 69' lang='lat' dir='ltr'><strong>Lis.</strong></span> 
     </span>
    </p>
   </div>
   <div class='ocr_carea' id='block_1_3' title="bbox 0 0 1388 5136">
    <p class='ocr_par' dir='ltr' id='par_1_5' title="bbox 0 0 1388 5136">
     <span class='ocr_line' id='line_1_37' title="bbox 0 0 1388 5136; baseline 0 2"><span class='ocrx_word' id='word_1_264' title='bbox 0 0 1388 5136; x_wconf 95' lang='lat' dir='ltr'><strong> </strong></span> 
     </span>
    </p>
   </div>
  </div>
 </body>
</html>
