2752 5056
162 776 226 823 vni
302 753 418 823 Novl
442 752 655 822 EDITORIS
680 752 1080 823 PRAEFA'I'IUNCULA.

162 892 326 960 bonarum
348 887 521 957 literarum
542 886 699 975 studiosi,
726 901 759 956 et
786 887 938 958 doctrina
962 887 1111 983 qualibet
1136 914 1228 960 corn-

160 1010 379 1083 mendabiles:
410 1011 474 1079 hoc
506 1011 600 1104 quasi
624 1008 801 1079 Ariadnaeo
831 1009 888 1080 filo
915 1009 1116 1106 multiplices
1138 1014 1228 1083 inter

160 1133 397 1205 vocabulorum
415 1133 570 1226 ambages
590 1131 749 1221 ducente,
767 1133 848 1202 certi
866 1146 900 1201 et
919 1133 990 1202 sine
1008 1134 1158 1228 periculo
1176 1135 1226 1204 di-

160 1261 316 1354 riguntur
339 1255 479 1351 gradus,
510 1280 706 1350 erroresque
731 1254 828 1356 aliter
855 1257 1090 1328 inextricabilis
1120 1259 1224 1329 Labi-

160 1382 270 1477 rynthi
293 1374 404 1451 statim
426 1377 666 1474 expediuntur:
693 1379 757 1448 boc
786 1378 977 1468 deficiente,
997 1378 1088 1450 nulla
1111 1384 1223 1453 vocari

159 1521 268 1603 potest
291 1503 394 1574 editio
421 1503 568 1596 integra,
587 1524 664 1570 vere
683 1486 834 1571 absoluta
860 1517 894 1570 et
915 1516 1107 1597 opportuno
1129 1502 1223 1573 aditu

67 1694 70 1699 .
157 1626 376 1725 praedicanda.

207 1758 324 1846 ltaque
333 1752 368 1818 in
376 1746 553 1844 Virgiliani
562 1747 686 1817 Indicis
697 1746 949 1844 praefationem)
953 1751 1090 1844 jamjam
1100 1750 1220 1821 harum

159 1875 357 1969 ineptiarum
374 1871 529 1966 praescius
544 1885 579 1940 et
596 1869 836 1940 inconsiderata
849 1886 908 1939 aut
924 1895 1076 1965 perversa
1090 1872 1221 1942 invidiae

157 1996 295 2069 consilia
312 2010 574 2087 anteoccupans,
601 1992 703 2062 libere
720 1992 901 2087 profitebar
923 1993 1031 2088 ipsum
1051 1995 1117 2065 boc
1133 2021 1220 2092 opus

157 2118 320 2205 clamare,
340 2142 393 2186 me
422 2114 525 2185 nullis
550 2115 854 2205 lucubrationibus,
880 2116 964 2187 nulli
994 2119 1219 2214 impensarum

157 2245 269 2340 generi
288 2242 491 2337 pepercisse,
508 2255 547 2309 ut
560 2242 594 2309 in
607 2239 811 2313 editionibus
832 2242 931 2311 etiam
946 2243 1082 2338 optimis
1095 2247 1217 2317 omissa

156 2365 363 2462 supplerem,
376 2361 524 2433 tollerem
547 2361 627 2433 falsa
644 2362 696 2433 vel
715 2364 947 2451 immutarem,
969 2364 1054 2435 male
1076 2367 1217 2439 confusa

154 2490 404 2583 distinguerem,
418 2509 593 2580 perperam
610 2484 715 2554 divisa
729 2486 904 2580 jungerem
925 2489 960 2556 in
979 2512 1103 2575 unum,
1115 2504 1217 2585 atque

151 2612 200 2680 ita
217 2609 392 2679 hominum
415 2606 622 2676 eruditorum
644 2610 881 2704 exspectationi
901 2611 1134 2684 satisfacerem.
1158 2622 1217 2687 At-

152 2749 264 2804 tamen
276 2734 303 2802 si
318 2746 395 2826 post
406 2731 628 2825 Erytbraeum,
637 2734 1042 2829 Ruaeum,Heyniumque,
1055 2733 1215 2831 (quantos

151 2872 186 2927 et
206 2880 306 2951 quam
328 2854 503 2950 diligentes
521 2851 652 2948 virosl)
671 2854 815 2951 plurima
841 2857 1083 2928 observaverim
1110 2863 1214 2930 corri-

150 2980 280 3077 genda,
307 3002 376 3047 non
407 2978 471 3047 ista
495 3003 548 3048 me
575 2994 666 3048 tenet
690 2982 887 3074 arrogantiae
913 2980 1038 3077 caligo,
1063 2995 1103 3052 ut
1125 2980 1211 3055 nihil

150 3104 259 3175 adbuc
281 3103 317 3171 in
340 3126 487 3172 mearum
506 3102 691 3199 vigiliarum
710 3106 885 3175 conatibus
904 3107 1041 3200 reperiri
1058 3108 1211 3194 arbitrer,

149 3229 240 3325 quod
258 3227 392 3298 alterius
412 3252 548 3322 operam
569 3253 750 3323 curamque
764 3228 935 3299 desideret.
948 3231 1100 3301 Nimium
1119 3234 1209 3302 enim

147 3369 305 3449 expertus
337 3351 455 3437 didici,
487 3353 654 3421 neminem
680 3350 778 3421 horis
810 3353 976 3423 omnibus
1000 3378 1144 3451 sapere,
1175 3371 1208 3426 et

147 3478 265 3571 saepius
282 3498 389 3571 opere
405 3479 443 3542 in
462 3471 568 3569 longo
574 3476 643 3563 fas
661 3498 731 3545 csse
749 3473 919 3572 obrepere
931 3500 1109 3547 comitum.

193 3604 246 3669 Tu
260 3623 349 3683 vero,
365 3596 481 3682 lector,
494 3597 634 3665 candide
651 3599 696 3666 rei
711 3597 864 3667 literaria
873 3598 994 3690 judex,
1014 3600 1056 3669 ad
1071 3616 1205 3696 portum

149 3722 316 3817 naviganti
340 3720 408 3814 jam
437 3721 626 3813 proximum
652 3721 814 3817 adspires,
839 3737 875 3790 ut
900 3722 1020 3812 fecisti,
1044 3741 1076 3793 et
1094 3726 1205 3796 faveas

148 3869 275 3939 precor.
289 3841 390 3927 Vale,
404 3856 505 3936 atque
525 3844 644 3911 iterum
665 3844 745 3914 vale.

761 4026 804 4095 N.
830 4028 867 4094 E.
895 4028 1103 4098 LEMAIRE.

182 4362 225 4439 (ι)
246 4361 318 4419 Vide
332 4362 439 4420 volum.
455 4364 601 4438 ultimum,
617 4387 680 4445 pag.
693 4386 724 4426 rx
736 4380 765 4424 et
778 4387 856 4445 seqq.
