2768 5136
365 857 368 861 -
435 827 501 894 uu
525 802 869 911 Ponnuuluus,
894 839 955 894 etc.
1178 859 1224 931 97

207 956 321 1022 Postea
335 955 514 1023 Hannibale
531 969 682 1043 urgente,
702 955 743 1035 Q.
767 954 865 1021 Fabio
888 955 1031 1021 Maximo
1049 959 1227 1050 dictatore,

161 1084 246 1128 asses
270 1062 412 1128 unciales
435 1058 537 1126 lacti:
563 1058 620 1124 scd
643 1074 764 1125 munta
787 1076 837 1124 est
857 1083 972 1129 corum
993 1063 1035 1128 ad
1054 1087 1224 1156 argentum

161 1169 348 1258 proporti03
359 1168 546 1257 placuitque
558 1166 728 1231 denarium
741 1165 881 1233 sedecim
893 1170 1017 1236 assibus
1033 1179 1225 1262 permutari,

160 1276 347 1364 quinarium
368 1273 511 1355 octonis,
537 1273 719 1339 sestertium
744 1275 919 1361 quaternis.
945 1275 1116 1344 Postremo
1140 1304 1226 1348 asses

108 1380 111 1387 “
159 1381 371 1447 semunciales
386 1380 478 1461 lacti,
496 1401 564 1468 quo
577 1395 743 1467 tempore,
760 1402 827 1466 quo
842 1380 967 1445 ferente
982 1383 1104 1473 legem,
1119 1387 1225 1453 incer·

159 1503 250 1569 tum;
270 1488 334 1553 nisi
354 1486 446 1577 quod
468 1485 603 1551 latorem
630 1485 709 1576 legis
733 1485 899 1573 Papirium
923 1491 1099 1557 vocitatum
1125 1493 1225 1559 luisse

158 1609 301 1675 constat,
315 1615 420 1683 quum
437 1593 539 1682 ipsam
555 1592 660 1680 legem
679 1590 801 1655 Plinius
818 1591 977 1680 Papiriam
994 1597 1142 1685 appellet.
1161 1599 1225 1665 Sed

157 1715 238 1764 trino
253 1716 361 1766 tamen
379 1715 501 1765 servata
520 1715 569 1763 est
584 1696 697 1763 eadem
714 1721 786 1785 quoe
804 1721 823 1761 a
838 1697 924 1762 bello
939 1698 1064 1767 Punico
1079 1706 1224 1771 secundo

156 1807 335 1875 invaluerat
347 1808 467 1873 bonam
479 1807 521 1871 ad
533 1823 703 1896 argentum
718 1806 810 1870 ratio.

201 1914 287 1978 Nota
304 1914 428 2005 argenti
448 1913 540 1976 luere
556 1912 639 2001 bigas
654 1927 752 1998 atque
770 1910 952 1999 quadriga»,
977 1931 1010 1977 ct
1031 1914 1107 1980 inde
1124 1918 1224 2008 bigati

77 2026 79 2030 '
154 2019 402 2108 quadrigatique
418 2016 505 2083 dicti.

200 2126 328 2199 Aureus
343 2144 500 2189 nummus
517 2136 592 2209 post
607 2143 730 2183 annum
741 2121 923 2187 secundum
942 2140 975 2187 et
987 2128 1221 2215 sexagesimum

156 2233 265 2295 Roma
278 2250 451 2319 percussus
466 2244 531 2308 est,
549 2249 646 2314 quarn
664 2240 851 2315 argenteus,
865 2227 899 2292 id
915 2246 981 2311 est,
996 2230 1081 2295 bello
1097 2232 1222 2299 Punico

154 2334 317 2415 secundo,
330 2336 367 2399 C.
381 2331 517 2398 Claudio
530 2332 679 2406 Nerone,
694 2331 741 2396 Μ.
758 2332 849 2397 Livio
863 2334 894 2397 11
910 2336 1117 2403 consulibua:
1133 2354 1221 2403 turn-

153 2462 219 2528 que
238 2441 310 2505 auri
332 2438 576 2527 proportionem
599 2435 638 2501 ad
660 2453 832 2527 argentum
850 2438 1102 2529 quindecuplam
1122 2445 1220 2511 luisse

153 2568 192 2610 ex
211 2545 317 2610 Plinio
330 2544 510 2634 colligimr3
533 2541 591 2608 sod
606 2543 696 2607 brevi
711 2542 848 2631 decupla
863 2543 976 2609 effecta
995 2562 1045 2609 est
1059 2568 1098 2611 ex
1115 2549 1220 2613 imita·

154 2652 242 2716 tione
249 2651 455 2738 Graecorum.
473 2649 609 2714 Decimo
624 2649 721 2713 tertio
734 2665 809 2737 post
825 2648 946 2713 bellum
969 2652 1217 2719 Hannibalicum

151 2759 337 2823 conlectum
352 2778 440 2821 anno
449 2754 608 2836 jubentur
623 2755 723 2819 AEtoli
736 2777 797 2843 pro
813 2754 926 2820 &cem
940 2759 1098 2845 argenteis
1112 2783 1216 2825 unum

150 2884 285 2929 aureum
298 2883 471 2928 nummum
483 2859 645 2949 pondere,
656 2877 697 2923 ut
709 2859 807 2923 babet
821 2861 947 2942 livius,
959 2861 1013 2925 lib.
1026 2864 1200 2933 XXXVlll
1208 2917 1217 2947 ,

150 2992 220 3058 cap.
237 2990 289 3051 rr,
306 2969 390 3050 sive,
404 2984 443 3033 ut
458 2966 575 3032 clarius
590 2965 764 3053 Polybius,
780 2988 841 3054 pro
855 2965 967 3032 decern
979 2971 1105 3057 argenti
1121 2974 1217 3037 minis

149 3097 249 3140 unam
264 3075 335 3140 anri
352 3075 484 3139 minam.

193 3184 339 3247 Aureum
351 3200 524 3246 nummum
537 3179 637 3245 unius
649 3179 792 3268 generis,
808 3179 906 3244 unius
919 3180 1032 3245 lormae
1048 3182 1135 3271 apud
1149 3186 1216 3249 llo·

147 3310 262 3353 manos
279 3289 379 3353 fuisse
393 3302 505 3353 censet
521 3286 708 3352 Gronovius
718 3284 784 3372 (r),
799 3303 896 3374 atque
908 3287 984 3353 ideo
997 3311 1065 3354 uon
1082 3294 1216 3380 reperiri

148 3393 237 3483 apud
256 3394 428 3483 scriptores
446 3393 531 3457 saria
550 3413 726 3457 aureorum
744 3392 986 3474 Romanorum,
1001 3395 1215 3482 quemadmo-

149 3498 229 3563 dum
243 3515 488 3589 argenteorum,
507 3498 656 3596 nomina,
675 3497 750 3586 quia
769 3513 998 3586 argenteorum
1014 3500 1075 3566 tria
1096 3524 1214 3590 genera

147 3621 256 3688 eraut,
272 3604 441 3686 denarius,
455 3605 637 3693 quinarius,
652 3601 835 3684 'sestertium
849 3625 1021 3669 aureorum
1038 3628 1153 3671 unum.

191 3709 293 3791 Cuius
308 3708 462 3800 ponderis
480 3730 599 3775 aureus
615 3730 771 3774 nummus
789 3709 895 3797 primo
912 3710 1023 3773 Romae
1038 3733 1212 3800 percussus

147 3820 262 3899 luerit,
279 3840 384 3907 quum
405 3817 623 3907 quindeoupla
643 3818 713 3881 auri
737 3816 778 3881 ad
799 3831 970 3906 argentum
988 3821 1158 3906 proportio
1176 3823 1210 3893 in

147 3949 210 3991 usu
225 3922 592 4012 erat,nonrepe1imus.
608 3921 673 3988 Sed
683 3920 764 3986 illud
779 3920 951 4010 perbreve,
964 3938 1003 3987 ut
1015 3922 1115 3989 modo
1129 3925 1211 3993 dixi-

147 4054 236 4108 mus,
255 4029 458 4096 intercilium
479 4030 559 4110 fuit3
583 4044 657 4117 post
677 4026 768 4116 quod
779 4027 919 4114 placra't,
941 4027 1049 4116 inquit
1065 4029 1209 4115 Plinius,

144 4137 364 4229 quadraginta
378 4154 532 4199 nummos
546 4136 665 4221 sr‘gnarr'
679 4156 723 4196 ex
736 4135 812 4196 aurs
820 4132 915 4197 libro.
931 4133 983 4199 Sic
999 4135 1086 4201 enim
1100 4137 1210 4228 legen·

145 4245 225 4309 dum
238 4264 309 4309 esse
322 4242 413 4341 huno
429 4239 524 4304 Plinii
539 4238 649 4303 locum
663 4236 843 4318 credimus,
856 4254 894 4303 ut
906 4256 939 4304 ct
950 4239 1072 4307 babent
1084 4243 1210 4332 aliquot

143 4350 234 4428 MSS,
245 4364 325 4441 teste
334 4347 383 4414 Cl.
393 4344 579 4426 Harduino,
588 4345 736 4432 quamvis
745 4345 913 4433 ipsealiam
924 4346 1095 4413 lectionem
1107 4352 1208 4440 magis

176 4611 215 4678 (sl
232 4613 270 4661 ns
280 4611 371 4659 Peoon.
381 4608 437 4658 Vct.
451 4606 496 4656 lib.
510 4606 558 4665 111,
569 4621 624 4669 cap.
642 4605 681 4653 rs.

237 4699 320 4767 XII.
348 4724 426 4763 run.
