2768 5136
126 67 255 105 ιυιιειειιιι
270 65 337 103 essa,
348 42 386 100 ad
397 63 518 100 annum
533 40 642 114 MDV;
655 64 690 100 ac
704 42 818 101 valisin

124 175 192 211 essi·
208 147 390 209 Mediolani.
408 148 443 205 ln
458 168 492 204 aa
506 147 590 205 enim
607 147 686 205 urim
702 147 825 206 Minati:

126 259 202 315 iiam
216 255 309 312 etiam
327 253 441 311 swvulo
454 251 652 335 prmcadante
662 269 799 311 exeunte
812 277 828 312 e

125 365 155 421 in
167 360 340 421 editionem
352 359 444 434 Livii,
458 381 528 441 qum
538 381 622 418 anno
633 358 830 418 MCCCCXC

123 467 276 538 contulit,
303 482 337 525 ut
363 487 459 549 supra
486 463 635 525 vidimus.
666 465 736 550 lpse
760 464 837 525 etiar

121 574 254 634 ineunte
276 567 396 633 ibidem
418 568 520 631 varios
542 566 642 631 libros
666 568 749 655 typis
769 568 841 655 imp]

120 669 284 742 Ju‘stinum
307 673 391 761 (vid.
408 673 571 737 Maittairii
583 674 698 737 Annal.
714 688 839 762 typogr.

118 775 206 846 aimo
222 779 339 845 Mnlss
353 776 506 842 Bernardi
524 778 613 842 Corii
625 777 798 841 Historiam
813 777 848 841 M

119 885 331 951 Maittairium
353 882 432 947 ibid.
451 905 522 971 pag.
544 883 604 947 163
624 897 657 945 et
673 880 771 967 165);
785 904 853 946 arm

120 1015 219 1080 opera
239 991 354 1070 latine,
376 1004 410 1052 et
432 990 651 1078 Hegesippum
674 987 754 1075 (vid.
773 988 857 1052 Maia

120 1097 247 1161 Livium
260 1096 352 1159 hunc
363 1118 381 1158 a
395 1117 429 1158 se
442 1094 565 1160 editum
577 1095 779 1159 Minutianus
794 1092 861 1158 dedi

118 1205 190 1267 rolo
202 1202 219 1264 J
221 1201 546 1279 urisconsultissimo,
562 1200 775 1287 Delphinatus
786 1222 823 1262 ac
832 1200 866 1263 M

118 1325 172 1372 tus
188 1305 320 1370 Proesidi
336 1307 590 1394 sapientissimo,
610 1321 758 1385 testatus,
774 1337 786 1359 «ι
803 1328 836 1369 se
853 1327 869 1367 a

120 1432 235 1476 eorum
248 1411 479 1490 temeritatem,
490 1411 563 1498 qui,
575 1427 611 1474 ut
623 1412 704 1474 scire
714 1409 872 1473 videantur

118 1538 157 1579 ac
169 1514 343 1578 emendata
354 1515 569 1602 profitentur:
584 1515 641 1578 sed
652 1537 723 1602 quae
734 1515 795 1578 sibi
804 1531 861 1579 aut

120 1620 185 1683 visa
195 1620 345 1700 filerunt,
357 1643 395 1685 ea
406 1643 440 1684 se
451 1620 609 1696 intentata
618 1621 801 1707 reliquisse,
812 1637 872 1708 ut}

121 1746 202 1789 num
215 1724 320 1812 aliqua
334 1726 467 1814 vestigia
478 1747 553 1788 vera
567 1741 599 1789 et
613 1727 737 1790 sincera
751 1727 845 1789 lectio
856 1727 872 1789 ii

118 1829 240 1893 Varum
256 1845 296 1894 ut
308 1846 432 1918 pateat,
445 1829 525 1917 quid
539 1829 579 1893 de
591 1830 654 1894 hoc
668 1831 733 1894 sive
748 1829 872 1895 editore

118 1933 326 2002 sentiendum
348 1936 409 2015 ait,
421 1934 642 1999 adscribamus
656 1936 765 1999 locum
784 1959 821 1999 ex
847 1937 872 1998 P

116 2062 182 2126 qua
195 2040 474 2105 Commentarium
485 2039 519 2103 in
530 2039 698 2117 Claudiani
709 2041 807 2104 libros
819 2040 872 2104 de]

116 2145 223 2210 eidem
241 2145 385 2211 Jaffredo
409 2146 526 2210 Carolo
543 2143 679 2209 dedicat.
703 2148 750 2210 Ita
771 2148 872 2234 inquii

117 2251 212 2314 nobis
231 2249 458 2337 blandiamur)
482 2249 598 2330 hodie,
622 2274 688 2314 non
709 2267 757 2315 est
775 2254 872 2315 Horat

113 2375 241 2416 narare.
259 2370 420 2402 “mh-0
