2752 5056
206 761 276 834 356
474 766 693 833 NOTITIA
721 761 1008 831 Llrssttantl

252 891 343 980 1751.
361 893 397 955 V
393 897 516 971 onmis,
535 895 561 956 V
575 895 649 958 voll.
665 892 825 981 Repetitio
839 891 1035 954 Creverianae
1052 913 1109 977 per
1123 892 1269 954 Remen-

202 998 345 1077 dinium,
361 995 476 1061 additis
496 998 739 1086 Chronologiis,
758 995 938 1059 Rhetoricis
957 995 1269 1075 Exercitationibus,

203 1105 358 1167 universte
374 1104 526 1166 Romame
543 1102 683 1168 historiae
696 1101 874 1191 Epitomis,
890 1101 984 1163 XVII
1001 1100 1161 1188 capitibus
1175 1101 1268 1164 Livio

202 1212 386 1299 adscriptis,
404 1233 464 1275 nec
480 1234 547 1274 non
559 1212 740 1291 variorum,
755 1208 933 1298 praesertim
949 1208 997 1271 Jo.
1014 1208 1143 1287 Clerici,
1162 1206 1268 1271 adno-

205 1317 392 1381 tationibus.

251 1498 344 1584 ¹75¹·
362 1498 500 1576 Patavii,
513 1498 596 1584 typis
608 1496 776 1560 Seminarii
788 1518 794 1558 :
807 1497 845 1558 T.
856 1494 935 1557 Livii
946 1494 1014 1557 Pat.
1023 1493 1139 1580 Opera,
1152 1492 1269 1556 obscu-

200 1604 323 1667 riorum
333 1603 480 1665 locorum
496 1601 817 1691 interpretationibus
827 1617 859 1664 et
870 1600 993 1664 selectis
1002 1597 1266 1662 adnotationibus

200 1709 371 1786 illustrata,
393 1730 467 1770 cum
488 1707 721 1794 supplementis
744 1706 775 1768 in
800 1721 980 1792 postremos
1003 1704 1119 1783 libros,
1140 1726 1177 1766 ex
1203 1726 1265 1767 rec.

204 1813 282 1874 Arn.
298 1809 565 1874 Drakenborchii.
583 1810 626 1873 Vl
644 1810 718 1873 voll.
736 1832 878 1896 quorum
893 1823 1092 1895 postremum
1110 1824 1268 1894 praenota-

202 1934 274 1980 tur:
290 1916 540 1979 Exercitationes
556 1915 735 1978 Rhetorice
751 1915 784 1976 in
801 1913 970 1977 Orationes
983 1913 1019 1974 T.
1033 1911 1129 1991 Livii,
1147 1911 1266 1998 quibus

199 2019 358 2086 accedunt
380 2023 428 2084 lo.
455 2021 571 2084 Clerici
592 2021 903 2099 animadversiones,
926 2035 958 2082 et
978 2042 1017 2080 ex
1037 2018 1105 2081 aliis
1125 2018 1265 2081 auctoris

200 2127 410 2207 Patavinitas‚
425 2125 498 2188 Vita
513 2141 545 2187 et
558 2125 679 2215 Elogia.

249 2308 341 2396 1751.
363 2307 503 2370 Berolini
517 2306 664 2393 (Utmae),
682 2306 755 2370 voll.
771 2307 834 2387 Ill,
852 2306 939 2387 in·8,
961 2323 1094 2369 curante
1105 2308 1154 2370 Jo.
1167 2307 1265 2371 Petro

202 2413 339 2478 Millero.

250 2586 343 2676 ¹75²·
365 2587 543 2672 Edinburg.
569 2588 659 2650 in·12
685 2587 758 2666 maj.
775 2588 850 2651 voll.
871 2586 924 2650 lV.
944 2586 981 2649 T.
1001 2588 1036 2650 L.
1056 2584 1264 2648 historiarum

202 2695 242 2757 ab
253 2693 334 2757 urbe
344 2691 476 2755 condita
484 2692 557 2754 libri
567 2740 575 2771 ,
586 2693 641 2779 qui
652 2708 841 2779 supersunt,
853 2716 928 2756 cum
938 2693 1085 2755 omnium
1095 2691 1264 2779 Epitomis,

202 2822 238 2863 ac
250 2796 491 2887 deperditorum
507 2797 710 2886 fragmentis:
729 2797 768 2860 ad
782 2798 918 2885 optimas
934 2796 1091 2861 editiones
1105 2797 1264 2882 castigati,

201 2919 372 2970 accurante
389 2904 473 2967 Tho.
491 2903 734 2982 tuntinano,
754 2906 791 2967 Α.
807 2904 852 2967 Μ.
868 2903 1066 2991 Edinburgi,
1087 2904 1120 2965 in
1142 2900 1264 2966 aedibus

201 3012 239 3075 Τ.
254 3026 286 3073 et
301 3011 355 3072 W.
370 3006 601 3071 lluddimanni.
619 3009 769 3071 Prostant
785 3027 893 3072 autem
910 3007 1160 3089 Amstelaedami,
1177 3008 1264 3095 apud

201 3115 356 3178 Jacobnm
374 3137 392 3176 a
409 3113 581 3175 Wetstein.
600 3113 787 3177 MDCCLll.
807 3115 854 3176 De
870 3130 1014 3176 accurata
1034 3130 1066 3176 ct
1084 3113 1184 3176 nitida
1203 3114 1264 3177 hac

201 3220 277 3284 edit.
291 3217 407 3282 videsis
416 3217 595 3281 Harlesium
604 3266 612 3297 ,
621 3241 652 3304 p.
665 3223 740 3305 427,
751 3235 782 3281 et
791 3218 953 3282 Harwood
964 3242 981 3282 a
991 3219 1079 3283 View
1091 3218 1185 3306 (edit.
1197 3221 1263 3306 ΙΙ),

113 3343 114 3347 ’
200 3351 231 3414 p.
256 3324 334 3405 183,
356 3324 433 3386 item
454 3322 570 3386 Arserit
592 3325 772 3388 versionem
801 3325 911 3411 primae
934 3323 1010 3387 edit.
1034 3324 1263 3389 Harwoodiani

201 3431 306 3520 operis
330 3430 350 3494 l.
371 3452 398 3491 c.
420 3428 469 3491 Ex
491 3429 683 3517 typographi
700 3431 885 3518 praefatione
908 3429 948 3494 ad
964 3431 1118 3494 lectorem
1138 3446 1229 3496 tomo
1248 3435 1262 3496 Ι

200 3536 299 3615 hujus
317 3534 396 3598 Livii
414 3531 563 3596 editionis
581 3534 759 3621 praemissa,
779 3535 847 3598 haec
863 3534 1041 3599 delibamus
1057 3559 1064 3599 :
1082 3536 1156 3600 «Ad
1176 3538 1263 3601 illam

201 3637 300 3734 (edit.)
317 3635 573 3700 Drakenborchii
582 3637 773 3724 praecipue...
785 3638 960 3703 editionem
971 3662 1066 3727 quam
1077 3639 1190 3704 damus
1201 3644 1263 3705 exi·

201 3768 275 3835 gere
287 3743 390 3806 visum
403 3757 484 3806 est...
497 3742 571 3805 Non
591 3741 670 3805 adeo
686 3758 791 3806 tamen
810 3761 896 3807 arcte
915 3767 973 3807 nos
990 3747 1166 3834 constringi
1179 3748 1262 3833 passi

201 3875 330 3932 sumus,
344 3865 381 3912 ut
397 3872 437 3912 ne
455 3849 555 3912 latum
570 3871 712 3937 unguem
732 3848 864 3936 quidem
881 3850 921 3913 ab
939 3873 977 3913 eo
997 3851 1145 3915 recedere
1161 3852 1262 3916 aude·

201 3978 324 4034 remus,
341 3954 398 4018 ubi
416 3953 498 4016 ratio
517 3952 550 4014 id
568 3976 700 4041 poscere
713 3953 882 4018 videbatur
897 3979 904 4019 :
922 3955 1068 4042 quaedam
1086 3957 1173 4020 enim
1192 3980 1262 4020 mu-

202 4059 298 4124 tanda
310 4059 437 4122 monuit
447 4075 479 4121 et
492 4058 634 4122 ostendit
644 4059 682 4123 cl.
694 4060 886 4125 Kennothus
898 4061 1082 4126 Machenzie
1092 4085 1260 4127 causarum

201 4180 355 4255 patronus
365 4163 398 4226 in
408 4164 543 4252 collegio
552 4163 704 4229 udin-b...
718 4189 789 4253 quae
801 4167 921 4254 absque
933 4168 1132 4232 haesitatione
1143 4169 1175 4230 in
1192 4186 1262 4233 tex·

201 4287 272 4333 tum
284 4268 462 4355 recepimus
472 4301 493 4330 υ.
508 4267 588 4332 lnde
600 4269 773 4334 confitetur
782 4273 1001 4361 typographus
1013 4272 1046 4336 id
1059 4275 1179 4336 factum
1192 4297 1261 4338 esse

201 4375 316 4466 partim
341 4402 355 4429 a
371 4394 409 4437 ex
433 4376 569 4438 aliorum
593 4377 765 4441 emendatt.
790 4378 854 4458 jam
876 4380 1059 4465 publicatis,
1082 4380 1198 4467 partim
1221 4405 1260 4445 ex
1315 4464 1320 4471 .

202 4506 281 4547 varr.
297 4476 376 4543 MSS
389 4476 554 4544 codicibus
570 4481 747 4570 peripsum
762 4481 1060 4548 Drakenborchium
1074 4485 1225 4549 notatis».
