2752 5056
194 718 240 790 30
394 715 541 785 INDEX
565 714 727 783 RERUM
752 712 809 781 ΕΤ
832 707 1060 780 NOMINUM

193 840 228 894 ad
238 833 705 911 lapidumreait‚45.-paeiscua·
748 831 836 895 nitur,
859 830 1020 893 1114-
1038 844 1121 880 ovans
1145 825 1267 897 ingredi-

193 932 248 981 tur,
256 935 369 988 eumque
377 915 404 966 in
417 925 501 966 casua
513 912 660 984 excipiunt,
670 917 704 978 49
747 922 792 963 tur
800 911 910 974 urbem,
924 929 967 980 ²7·
978 941 1013 949 —
1024 905 1097 960 ducit
1108 906 1267 973 Octavum,

192 1011 219 1052 et
231 1000 274 1052 50.
287 997 468 1048 -decretum
482 993 510 1044 in
524 1011 584 1044 eum
599 1002 705 1044 senatus
750 1009 790 1060 ²7.
802 1021 837 1030 -
848 990 1025 1042 Octavianum
1037 987 1117 1059 eripit
1127 986 1265 1058 periculo,

192 1079 355 1150 antiquatur,
363 1070 532 1142 cxx,9‚-ad
540 1090 601 1124 eum
610 1071 705 1124 transit
749 1071 792 1124 30.
808 1102 842 1110 -
857 1070 966 1122 Antonii
980 1081 1006 1121 et
1020 1067 1159 1122 Octaviani
1178 1066 1265 1120 collo·

192 1177 254 1230 pars
265 1173 360 1226 magna
374 1152 511 1224 copiarum
520 1151 551 1204 D.
562 1150 649 1216 Bruti,
664 1169 703 1204 12.
748 1151 840 1223 quium
850 1169 911 1204 cum
923 1149 1050 1221 Pompeio
1060 1159 1086 1200 et
1096 1145 1265 1201 conditiones

193 1235 344 1289 -utaxiiui
359 1232 488 1286 exercitus
502 1231 643 1302 imperator
656 1230 704 1282 ite·
747 1231 834 1302 pacis,
859 1231 908 1295 38,
933 1229 975 1298 39.
999 1260 1035 1269 -
1053 1240 1146 1280 mutua
1168 1245 1264 1281 eorum

191 1337 253 1373 rum
267 1317 346 1387 Alpes
359 1309 534 1374 transcendit,
549 1312 591 1362 16.
601 1341 637 1350 -
647 1311 704 1382 ejus
746 1309 882 1376 convivia,
893 1316 971 1372 41.-
979 1320 1061 1362 noctu
1070 1307 1169 1359 Urbem
1179 1306 1262 1360 intrat

187 1417 254 1452 cum
269 1393 414 1448 Octaviano
428 1390 603 1461 colloquium,
617 1391 658 1443 18.
669 1421 703 1429 -
747 1389 893 1455 Antonius,
906 1390 947 1452 43.
957 1388 1029 1440 -ia
1040 1387 1190 1441 amnicum
1205 1387 1264 1441 Co·

191 1477 372 1530 triumviratus
381 1471 562 1534 constituitur,
573 1488 655 1537 19.-
665 1469 705 1521 iu·
747 1487 804 1522 sare
818 1470 877 1522 lusu
891 1487 994 1540 semper
1007 1467 1117 1520 inferior
1132 1465 1262 1530 discedit,

191 1565 292 1610 tereos
309 1567 398 1626 partes
418 1549 593 1615 dividuntur,
610 1569 651 1602 ao.
669 1580 703 1589 -
747 1550 782 1602 ib.
796 1550 1017 1622 -prolioiscitur
1028 1549 1055 1601 in
1065 1545 1261 1613 Graeciam,id.

191 1639 248 1709 ejus
270 1636 402 1706 ingressus
424 1632 450 1683 in
474 1631 588 1692 urbem,
609 1633 651 1681 16.
667 1659 702 1669 -
747 1661 783 1669 —
796 1650 824 1684 se
837 1631 972 1685 Bacchum
987 1631 1119 1702 appellat,
1135 1635 1178 1692 44.
1189 1660 1225 1668 -
1236 1631 1261 1683 ei

192 1715 307 1770 edictum
322 1714 378 1785 ejus
389 1723 413 1762 et
426 1711 586 1781 collegatum
596 1707 630 1760 de
642 1727 703 1780 pro·
747 1711 921 1765 Athenienses
943 1711 1091 1764 Minervam
1114 1727 1190 1762 suam
1212 1707 1262 1761 de·

192 1795 349 1867 scriptione,
363 1792 397 1844 30
407 1803 432 1843 et
440 1809 514 1861 seqq.
525 1819 560 1829 -
570 1790 594 1841 ei
604 1807 632 1841 se
642 1807 703 1860 pro·
747 1802 893 1862 sponsant,
916 1790 960 1854 45.
976 1821 1010 1831 -
1025 1808 1130 1842 morum
1145 1789 1202 1861 ejus
1218 1790 1261 1842 in-

192 1874 275 1929 stituit
294 1871 406 1943 Coponii
430 1888 514 1935 uxor,
536 1867 624 1921 mariti
648 1887 703 1920 ser·
747 1870 909 1935 constantia,
926 1873 970 1933 46.
988 1901 1024 1910 -
1043 1868 1145 1922 invidet
1166 1867 1261 1921 Venti·

192 1952 273 2008 randi
283 1949 562 2020 causa,50.-ejnsin
574 1945 702 2019 quosdam
747 1948 807 2013 dio,
824 1968 866 2003 res
880 1949 1007 2002 adversus
1025 1947 1137 2000 Parthos
1155 1947 1262 2018 egregie

191 2035 296 2097 lenitas,
308 2029 481 2100 56.—capite
491 2027 626 2083 Ciceronis
635 2026 703 2093 viso,
747 2030 868 2101 gerenti,
887 2045 1011 2092 cxxvtrt,
1027 2034 1069 2090 14.
1083 2058 1118 2067 -
1132 2027 1261 2080 auxilium

190 2115 319 2168 exclamat
328 2121 460 2182 peractam
470 2126 525 2161 esse
535 2106 705 2179 proscriptio·
747 2109 798 2162 sert
815 2108 961 2161 Octaviano
974 2144 981 2169 ,
1002 2113 1047 2169 4ο.
1063 2136 1098 2146 -
1111 2107 1221 2159 Antonii
1234 2119 1262 2160 et

190 2210 252 2246 nem
267 2209 357 2252 suam,
373 2191 539 2241 48.-111111
553 2186 703 2239 Octaviano
747 2187 859 2242 Caesaris
873 2200 1006 2240 certamen
1017 2185 1202 2250 humanitatis,
1215 2193 1259 2250 41.

191 2273 219 2329 iu
234 2271 363 2325 Graeciam
383 2268 492 2330 transit,
507 2284 611 2328 oxxm,
626 2268 703 2317 6.·-
747 2299 782 2308 -
795 2286 864 2319 nova
880 2268 948 2319 inter
963 2277 1115 2337 emposta,
1130 2266 1209 2318 etiam
1225 2265 1261 2318 de

191 2347 247 2416 ejus
257 2362 323 2414 opus
333 2339 366 2393 ad
377 2338 575 2412 prohibendum
586 2336 702 2389 hostium
746 2345 884 2400 retinendo
901 2345 1088 2409 triumviratu,
1109 2363 1199 2408 xant,
1217 2353 1260 2409 44

191 2435 367 2486 commeatus,
380 2438 474 2484 cmv,
487 2421 511 2471 6·
521 2447 556 2457 -
565 2436 627 2470 cum
640 2417 703 2470 Cat·
749 2429 848 2499 -ejus
862 2425 968 2479 consilia
984 2423 1018 2476 de
1031 2424 1101 2477 bello
1116 2424 1259 2491 Parthico,

191 2504 230 2556 tio
241 2515 266 2555 el
279 2503 361 2554 Bt'ulO
374 2515 476 2570 Pussms
490 2498 513 2550 8·
526 2527 562 2536 -
573 2496 655 2548 vincli
669 2496 703 2547 ab
747 2524 840 2570 cxxrx,
855 2509 896 2568 46,
908 2503 1059 2556 -arcessit
1074 2504 1260 2576 Cleopatram,

190 2603 238 2638 sua
253 2594 343 2654 parts,
367 2597 398 2648 9,
417 2584 457 2640 14·
470 2576 587 2628 -Vlcw
603 2575 701 2638 ΒΥῑῑῐθ,
747 2586 915 2656 eiqueruulta
927 2582 1020 2650 donat,
1031 2591 1080 2653 47,
1092 2584 1134 2646 48.
1152 2615 1188 2624 -
1203 2589 1261 2658 ejus

191 2662 271 2715 duces
281 2659 397 2712 hostium
408 2654 588 2728 persstqulffll's
605 2671 647 2722 19,
657 2673 701 2719 ²⁰,
747 2663 780 2717 ad
805 2663 903 2716 bellum
929 2662 1082 2715 Parthicum
1109 2663 1259 2732 exercitus,

192 2760 235 2794 at.
249 2772 284 2781 —
298 2741 354 2809 ejus
369 2734 534 2799 moderatio,
550 2733 593 2785 3ο.
606 2763 640 2771 -
652 2752 702 2785 uo-

190 2840 249 2873 vasu
264 2817 375 2870 instituit
389 2813 544 2866 divisionem
556 2812 703 2883 provincia·

189 2919 264 2963 rum,
277 2917 357 2960 cxxv,
369 2913 391 2947 1.
402 2925 437 2934 -
446 2894 582 2946 Orientem
595 2911 702 2964 compo·

190 2978 307 3033 nendum
323 2973 422 3039 sumit,
440 2993 464 3025 a.
480 3003 516 3012 -
530 2972 558 3024 in
573 2973 701 3025 Graeciam

191 3044 278 3119 seuit,
293 3071 389 3118 cxxvi,
406 3072 475 3105 1.-
486 3050 547 3104 inde
559 3051 586 3102 iu
600 3051 701 3116 Asiam,

192 3159 217 3192 a.
228 3169 263 3178 -
272 3134 369 3206 Ephesi
384 3133 462 3186 Liber
475 3143 550 3204 pater
562 3133 701 3195 salutatur,

190 3217 255 3271 ibid.
270 3248 304 3256 —
319 3215 386 3268 Asia
401 3212 540 3264 maximam
560 3212 701 3284 pecuniam

189 3299 317 3368 imperat,
337 3295 362 3348 3.
379 3324 413 3334 -
433 3294 462 3344 L.
484 3292 576 3345 Cassio
596 3305 622 3345 et
643 3293 700 3346 aliis

190 3376 315 3450 ignoscit,
328 3381 351 3438 4.
361 3405 396 3414 -
407 3373 423 3424 J
426 3370 505 3424 udoeis
518 3372 608 3423 tribuit
623 3373 701 3425 bene·

103 3519 107 3526 ¹
189 3457 262 3522 ficia,
279 3456 302 3508 5.
313 3487 347 3495 -
358 3452 463 3507 arcessit
478 3451 660 3523 Cleopatram,
672 3457 699 3506 6.

188 3539 302 3591 -favet
315 3533 429 3599 Herodi,
443 3535 552 3605 ejusque
567 3543 700 3585 accusato·

189 3636 231 3671 res
243 3614 353 3680 occidit,
366 3632 412 3676 ta,
427 3613 507 3665 13.-
519 3612 547 3663 iu
559 3618 699 3685 Egyptum

189 3699 321 3769 proiectas
327 3734 334 3760 ,
340 3705 426 3745 totum
433 3710 461 3744 se
467 3690 614 3761 Cleopatra
622 3703 648 3744 et
658 3711 700 3744 vo-

189 3779 319 3850 luptatum
334 3771 493 3843 turpitudini
507 3769 601 3836 tradit,
615 3778 653 3834 14.
664 3802 698 3811 -

188 3856 222 3910 de
233 3855 348 3909 amicitia
362 3870 423 3903 cum
438 3869 470 3902 eo
484 3849 536 3921 agit
549 3849 607 3902 Sex.
622 3856 698 3902 Pom·

188 3938 277 4008 peius,
288 3935 370 3985 33-
377 3930 491 3982 Athenas
501 3929 586 3993 venit,
596 3948 700 3993 cxxvu,

192 4037 254 4069 t.-
262 4015 290 4066 in
302 4011 404 4062 ltaliam
417 4009 542 4079 navigans
553 4009 698 4061 Domitium

187 4095 238 4148 sibi
249 4090 384 4163 adjungit,
400 4093 438 4140 16.
448 4120 483 4128 -
492 4088 564 4140 socio
574 4089 699 4159 Pompeio

186 4174 285 4226 bellum
306 4169 368 4222 tacit
382 4168 508 4221 adversus
522 4168 697 4221 Octavianum

187 4255 332 4311 Caeaarent,
350 4267 390 4319 ¹7·
403 4279 438 4288 -—
451 4248 558 4300 Antonii
572 4259 697 4319 stratage-

188 4351 245 4397 ma,
259 4332 297 4384 18.
308 4361 341 4369 -
351 4327 643 4400 opprimitServiliun1‚
657 4347 695 4396 19.

188 4443 221 4452 -κ
233 4424 292 4482 post
306 4420 417 4460 mortem
431 4407 547 4469 Fulvio,
559 4407 628 4461 iuter
642 4411 697 4460 An·

186 4491 287 4544 tunium
301 4500 326 4541 et
340 4486 519 4540 Octavianum
534 4505 586 4556 pax
600 4506 695 4540 conve·

746 2761 830 2805 cxxx,
848 2761 869 2795 r.
881 2773 916 2781 -—
926 2743 983 2813 ejus
994 2741 1166 2814 expeditionis
1179 2744 1258 2810 vitia,

747 2843 770 2874 a.
782 2855 816 2863 -
827 2821 929 2876 obsidet
939 2823 1068 2894 Praaspa‚
1080 2823 1104 2876 3.
1114 2855 1150 2864 —
1159 2837 1260 2896 pugnat

745 2902 1259 2977 cumParthis,6.-castigatsuos,quod

746 2981 901 3053 Praaspenis
914 2995 1065 3048 cesserant,
1081 2984 1258 3038 ro.-recedit

745 3078 776 3113 ex
798 3060 907 3123 Media,
930 3081 971 3115 ra.
985 3080 1094 3114 -eum
1115 3063 1258 3117 abeuntem

744 3139 871 3192 infestant
885 3141 994 3206 Parthi,
1011 3148 1051 3204 14.
1063 3143 1215 3195 —Antouii
1232 3157 1258 3197 et

744 3219 857 3272 militum
871 3232 965 3273 mutua
979 3221 1088 3286 caritas,
1102 3222 1141 3274 18.
1152 3253 1188 3262 -
1200 3226 1259 3296 ejus

745 3299 834 3371 copias
855 3313 952 3370 praeter
977 3299 1079 3352 hostem
1097 3301 1152 3353 sitis
1171 3316 1260 3374 urget,

746 3398 788 3430 at.
803 3410 837 3419 -
851 3379 958 3432 Antonii
978 3378 1146 3451 desperatio,
1163 3400 1206 3435 aa.
1222 3413 1258 3423 —

744 3477 804 3510 eum
813 3457 1062 3531 desinuntpemequi
1070 3461 1254 3524 Parthi,23.-

744 3536 779 3590 ad
788 3537 955 3609 Cleopatram
967 3558 1127 3612 properans,
1137 3560 1184 3612 per
1195 3560 1259 3595 con-

743 3616 830 3668 tinum
847 3619 921 3672 nives
936 3616 1133 3695 Cappadociam
1147 3621 1258 3689 transit,

745 3696 778 3748 18
802 3710 827 3750 et
855 3715 896 3766 ²9·
914 3730 950 3738 -
968 3696 1002 3750 sd
1022 3717 1081 3750 eum
1107 3700 1176 3770 sugit
1194 3700 1256 3756 Sex.

743 3775 897 3848 Pompeius,
906 3795 1002 3843 cxxxi,
1011 3777 1034 3830 3.
1042 3777 1099 3831 vid.
1110 3774 1168 3832 Sex.
1179 3779 1259 3835 Potu-

742 3856 827 3926 peius.
839 3888 874 3897 -
884 3857 1014 3909 Antonius
1029 3858 1175 3911 secuudum
1190 3879 1257 3914 cou-

743 3935 797 4000 sul,
813 3936 854 3989 33.
866 3968 902 3977 -
915 3936 976 3989 dolo
987 3938 1056 4008 capit
1069 3939 1259 4009 Amavasdem,

743 4014 785 4082 39.
798 4047 833 4055 —
844 4028 957 4089 occupat
970 4017 1141 4081 Armeniam,
1164 4025 1206 4082 4ο.
1222 4052 1258 4062 -

742 4094 905 4149 Alexandria
918 4097 1082 4168 triumphat,
1099 4104 1140 4160 41.
1151 4131 1186 4138 -
1200 4104 1258 4173 ejus

742 4172 776 4225 ad
797 4174 990 4228 Alexandrinos
1004 4177 1107 4242 oratio,
1123 4179 1166 4242 43.
1180 4211 1215 4220 -
1230 4193 1258 4233 et

741 4252 776 4305 ad
790 4266 910 4308 senatum
925 4255 1023 4319 litera,
1049 4259 1092 4319 48.
1105 4291 1140 4298 -
1155 4261 1257 4313 artibus

741 4332 885 4404 Cleopatra
912 4335 1071 4401 fascinatus,
1098 4337 1198 4391 bellum
1226 4340 1255 4394 in

741 4413 869 4470 Curarem
898 4416 1024 4481 molitur,
1054 4416 1086 4487 57
1108 4430 1133 4470 et
1158 4418 1201 4471 58.
1219 4450 1255 4460 -

741 4505 837 4544 mutua
857 4495 1066 4561 criminationes,
1087 4501 1128 4550 60.
1150 4530 1184 4538 -
1210 4500 1257 4552 loe·
