2752 5056
215 829 258 916 td
617 834 828 909 CREVER
838 839 876 908 ll

208 967 304 1034 datus
317 966 467 1056 scriptor,
485 989 602 1057 magna
615 990 693 1033 cura
707 968 883 1058 perpendit
894 967 988 1033 initio
1000 967 1057 1035 lib.
1068 969 1117 1034 Ill
1128 991 1281 1057 quaenam

209 1097 314 1141 musac
328 1073 405 1139 belli
419 1073 537 1138 Punici
555 1073 690 1139 secundi
706 1075 845 1158 fuerint,
865 1091 897 1140 et
910 1092 985 1142 uter
1001 1076 1142 1165 populus
1157 1076 1281 1141 violatas

208 1181 356 1247 amicitias
385 1181 540 1270 ruptique
571 1180 700 1246 ioederis
736 1183 865 1270 culpam
900 1183 1069 1248 sustineat.
1103 1183 1281 1270 Postquam

210 1289 312 1354 multa
335 1287 377 1353 de
400 1287 465 1352 hoc
488 1302 683 1377 argumento
709 1286 902 1378 disputavit,
925 1304 958 1353 et
981 1287 1060 1353 hinc
1085 1304 1186 1376 atque
1204 1288 1282 1355 inde

108 1386 111 1391 ¹
207 1410 379 1461 momenta
403 1393 570 1458 rationum
595 1392 741 1484 diligenti
764 1395 887 1460 trutina
909 1393 1118 1482 ponderavit,
1140 1417 1211 1459 rem
1237 1395 1281 1460 ita

208 1500 397 1582 concludit,
430 1516 470 1565 ut
501 1515 638 1582 statuat,
672 1500 701 1564 si
729 1501 821 1591 origo
846 1501 922 1566 belli
944 1523 963 1565 a
991 1502 1128 1591 Sagunti
1151 1515 1281 1566 tantum

208 1607 337 1675 excidio
350 1622 527 1696 repetatur,
545 1608 664 1672 Poencs
678 1607 798 1688 injuste
808 1608 947 1672 omnino
958 1623 1047 1672 arma
1061 1608 1217 1692 movisse,
1229 1609 1280 1671 sin

208 1716 293 1781 ratio
305 1714 464 1779 habeatur
476 1711 631 1778 Sardiniae
641 1737 661 1778 a
673 1714 847 1796 Romanis,
872 1713 1036 1803 stipendio
1052 1715 1149 1779 etiam
1165 1736 1282 1802 super·

209 1822 380 1911 imposito,
405 1821 608 1910 interceptae,
629 1821 683 1910 pia
703 1835 737 1885 et
748 1820 835 1903 justa
848 1821 947 1886 firisse
964 1806 1154 1885 Hannibalis
1172 1843 1280 1900 arma,

208 1951 314 2018 quum
330 1928 421 1993 Poeni
436 1925 511 1992 data
526 1927 696 1993 occasione
714 1949 771 1992 eos
788 1928 896 1993 ultum
913 1928 1018 2004 irent,
1037 1927 1095 2014 qui
1114 1950 1175 2017 per
1193 1948 1282 1991 ocea—

209 2035 336 2101 sionem
352 2049 539 2123 temporum
555 2034 632 2123 ipsis
650 2050 840 2099 nocuerant.

253 2140 344 2226 Quid
361 2142 468 2207 Livius
487 2140 558 2228 (1)?
581 2140 708 2229 Nempe
730 2141 782 2206 ille
801 2147 844 2205 'ex
865 2140 1044 2229 Polybiane
1061 2139 1281 2229 disputatione

208 2249 352 2340 conligit
371 2264 406 2313 et
424 2264 573 2314 accurate
591 2249 815 2337 exponitque
832 2251 1059 2313 Romanorum
1076 2270 1179 2312 causae
1193 2247 1281 2311 fare·

208 2357 308 2423 bant:
334 2377 408 2444 quaa
429 2377 490 2442 pro
506 2353 612 2418 Poenis
629 2353 715 2418 dicta
736 2353 778 2418 ab
800 2355 958 2443 scriptore
981 2376 1085 2444 giaco
1106 2353 1216 2434 fuere,
1238 2351 1281 2416 de

207 2462 248 2528 iis
264 2461 402 2527 omnino
417 2459 512 2524 silet:
533 2459 619 2523 malo
634 2480 712 2523 sane
728 2460 880 2541 consilio,
899 2476 932 2525 ct
948 2460 1003 2525 cui
1017 2459 1107 2548 apud
1123 2461 1280 2527 lectorem

208 2569 351 2634 ¹veritatis
367 2566 553 2633 studiosum
572 2567 662 2630 nulla
674 2567 777 2656 possit
795 2589 864 2632 esse
879 2568 984 2632 venia.

252 2675 369 2763 Neque
381 2673 470 2736 enirn
482 2673 548 2737 boc
559 2673 674 2737 saltem
692 2672 757 2737 dici
774 2689 900 2762 posset,
917 2696 1046 2739 errasse
1063 2695 1157 2756 eum,
1173 2687 1207 2736 et
1221 2672 1281 2736 im·

207 2780 406 2872 prudentem
428 2777 554 2843 fecisse.
580 2777 749 2867 Siquidem
773 2779 922 2867 quisquis
943 2779 1117 2870 Polybium
1141 2800 1218 2843 cum
1240 2799 1281 2843 eo

207 2886 403 2968 contulerit,
415 2908 483 2949 non
495 2885 616 2973 poterit
632 2884 783 2950 dubitare
799 2886 881 2974 quin
895 2909 932 2951 ea
945 2887 1056 2951 omnia
1068 2908 1142 2975 quai
1153 2884 1282 2950 disserit

208 2998 320 3061 noster
331 2991 374 3057 de
389 2977 509 3057 Lutatii
527 3007 561 3055 et
578 2991 788 3057 Hasdrubalis
804 2992 945 3076 foedere,
967 3016 986 3058 e
1002 2993 1160 3081 scriptore
1175 3011 1281 3081 graeco

207 3100 425 3189 exscripserit,
437 3113 471 3162 et
480 3098 618 3163 verbum
629 3099 729 3164 verbo
740 3121 833 3188 paene
841 3099 1030 3164 reddiderit.
1043 3099 1171 3188 Fugere
1181 3098 1282 3187 igitur

208 3207 301 3273 illum
322 3229 391 3270 non
406 3219 588 3293 potuerunt
603 3227 640 3269 ea
652 3228 726 3295 quas
740 3205 783 3270 ad
796 3206 895 3287 hujus
911 3205 1057 3287 ejusdem
1078 3205 1144 3270 loci
1159 3205 1280 3270 calcent

206 3338 227 3380 a
241 3312 379 3402 Polybio
392 3333 453 3400 pro
465 3333 560 3376 causa
575 3309 751 3377 Poenorum
765 3312 890 3394 adjecta
905 3328 993 3378 suut.

253 3421 328 3484 Una
349 3417 496 3483 defensio
516 3419 676 3501 occtnrit,
696 3418 722 3483 si
743 3440 863 3509 nempe
884 3420 995 3485 Livius
1015 3419 1049 3483 in
1068 3417 1125 3483 lib.
1142 3417 1209 3481 XX
1222 3416 1281 3504 qui

90 3530 93 3542 '
205 3525 388 3608 intercidit,
406 3525 451 3589 ita
472 3541 656 3590 narraverat
676 3547 714 3590 ea
735 3549 809 3615 qun
832 3526 875 3591 ad
900 3526 1069 3591 subactam
1089 3547 1109 3588 a
1123 3522 1280 3588 Romanis

62 3621 66 3631 ¹
206 3632 388 3701 Sardiniam
401 3633 583 3721 pertinent,
600 3648 638 3696 ut
653 3631 726 3696 illos
743 3633 932 3722 interceptae
947 3655 1006 3720 per
1019 3629 1169 3696 fraudem
1181 3627 1281 3708 hujus

207 3741 322 3805 insulae
335 3739 431 3827 culpa
442 3739 613 3804 liberaret:
635 3737 725 3803 unde
741 3754 933 3827 sequeretur
948 3761 1041 3821 eum,
1060 3760 1133 3825 quae
1149 3760 1168 3801 a
1183 3736 1282 3824 Poly·

207 3845 265 3910 bio
279 3846 313 3909 in
328 3840 522 3909 contrariam
536 3860 662 3933 partem
678 3843 841 3934 disputata
856 3861 948 3927 sunt,
963 3867 1031 3909 non
1046 3860 1203 3932 tanquam
1220 3839 1281 3906 ad·

207 3966 299 4016 tersa
309 3951 485 4031 Romanis,
503 3950 562 4015 sed
575 3968 732 4039 tanquam
744 3951 838 4034 falsa,
853 3952 1080 4042 suppressisse.
1094 3950 1220 4015 Verum
1239 3970 1281 4014 eo

209 4059 389 4124 elevaretur
408 4059 544 4120 fortasse
561 4059 705 4142 crimen,
723 4080 800 4124 non
822 4059 917 4149 plane
933 4070 1140 4151 purgaremr.
1160 4056 1282 4145 Magna

210 4178 260 4229 cst
270 4162 360 4228 enim
376 4160 506 4249 Polybii
519 4164 711 4244 auctoritas,
730 4164 789 4253 qui
804 4180 838 4229 et
850 4166 984 4255 propior
996 4166 1058 4231 illis
1075 4161 1281 4252 temporibus

208 4269 290 4351 brit,
313 4284 347 4333 et
365 4266 632 4356 diligentissimus
650 4270 765 4344 talium
786 4292 898 4337 rerum
916 4271 1097 4363 indagator,
1113 4286 1148 4336 ct
1160 4271 1282 4335 Roma·

211 4377 261 4443 nis
283 4397 359 4439 sane
378 4373 522 4456 amicus,
555 4396 637 4460 quos
662 4377 781 4464 passim
804 4377 956 4444 laudibus
983 4377 1138 4444 cumulat.
1165 4375 1280 4458 Quum

247 4603 286 4670 (r)
304 4604 358 4653 tib.
371 4604 449 4661 xxl,
467 4617 521 4667 cap.
533 4618 573 4666 ¹⁹·
