2752 5056
185 742 255 830 346
335 816 338 833 ‚
457 745 667 814 NOTITIA
691 745 965 814 LITERARIA

183 873 300 941 morbo
316 875 470 964 graviori,
486 896 598 939 rursus
614 873 860 963 Heidelbergam
875 875 1081 963 migratione,
1100 873 1173 936 belli
1187 889 1242 936 tu-

182 979 339 1043 multibus
349 980 384 1041 in
396 980 500 1066 iisque
512 980 594 1044 facta
605 980 817 1044 Amanuensis
832 978 934 1060 caede,
948 995 1009 1044 etc.
1022 978 1241 1066 interpellatus

182 1085 383 1172 affectusque
402 1084 534 1149 tandem
548 1107 587 1148 ex
602 1106 700 1175 opere
714 1100 786 1148 toto
800 1085 868 1172 ipse
882 1084 1008 1148 notulas
1024 1083 1188 1170 requirere
1204 1106 1242 1146 ac

181 1191 314 1279 seligere
330 1214 458 1255 necesse
472 1191 601 1273 habuit,
612 1214 691 1279 quas
704 1191 831 1280 urgenti
848 1190 1050 1280 typographo
1066 1189 1170 1253 daret:
1181 1213 1241 1252 cae-

180 1312 249 1360 tera
266 1313 419 1362 tacemus.
433 1299 484 1361 Ita
499 1321 576 1361 vero
589 1296 701 1361 finitur
714 1297 784 1361 haec
797 1297 865 1378 ejus
882 1298 1034 1386 epistola:
1048 1298 1243 1383 Depropera·

182 1404 255 1466 bam
267 1409 375 1466 animo
388 1427 427 1467 ac
440 1426 568 1491 corpore
578 1406 746 1492 oeger,fine
755 1407 897 1493 Augusti
903 1406 1015 1468 noctuis
1022 1452 1031 1484 ,
1044 1404 1242 1468 clnlocxxvn

179 1508 403 1597 Heidelbergae.
423 1510 538 1597 Neque
554 1510 612 1574 diu
629 1511 804 1599 supervixit
823 1510 899 1575 huic
919 1510 970 1575 ed.
989 1511 1167 1591 Gruterus5
1184 1508 1242 1573 sed

180 1614 262 1678 obiit
275 1615 306 1679 d.
321 1639 363 1678 xx
376 1617 464 1704 Sept.
476 1615 590 1680 eodem
603 1639 700 1680 anno.
711 1615 886 1680 Maluimus
897 1638 975 1680 vero
987 1617 1117 1682 Gruteri
1131 1638 1242 1679 curam

179 1719 215 1782 in
236 1720 297 1785 hac
312 1720 362 1784 ed.
377 1722 514 1809 positam
535 1722 636 1810 ipsius
654 1721 759 1787 verbis
776 1720 967 1803 defendere,
984 1746 1081 1810 quam
1103 1723 1243 1785 aliorum

180 1825 292 1913 iniqua
303 1826 422 1906 judicia
438 1827 503 1890 huc
516 1827 700 1909 admittere.
708 1828 888 1891 Plurimum
903 1850 979 1891 sane
992 1828 1022 1891 ei
1039 1826 1136 1891 debet
1145 1827 1244 1890 lectio

180 1931 324 2013 Liviana,
337 1932 427 2020 quod
438 1933 555 2021 cuique
567 1950 690 2022 pateat,
702 1934 758 2021 qui
774 1956 844 1999 eam
862 1957 937 1998 cum
951 1934 1156 1999 Gronoviana
1167 1956 1243 1997 con·

180 2039 297 2102 tulerit.
306 2039 369 2104 Sed
380 2056 412 2104 et
418 2063 578 2105 accessere
590 2040 631 2105 ad
640 2040 783 2105 haneed.
791 2041 804 2129 (
812 2064 909 2129 quam
921 2041 1090 2104 nobiscum
1099 2062 1242 2103 commu·

180 2145 298 2208 nicavit
307 2147 449 2234 optimus
461 2147 590 2236 Collega
602 2147 701 2213 Marc.
711 2149 789 2212 Ern.
804 2150 904 2211 Henr.
918 2146 1098 2212 Berkmann
1110 2196 1120 2229 ,
1132 2147 1219 2209 Prol.
1231 2148 1242 2231 )

180 2249 407 2338 alia,quorum
418 2267 466 2315 est
474 2269 547 2340 post
558 2252 646 2340 praef.
656 2268 688 2315 et
700 2252 812 2342 Elegia
822 2252 902 2315 livii
915 2252 1085 2340 Catalogus
1096 2275 1103 2316 :
1116 2252 1243 2316 Tabula
1283 2292 1286 2297 -

180 2357 392 2439 concionum,
407 2375 466 2422 etc.
490 2357 579 2421 Coelii
590 2359 726 2422 Secundi
733 2359 788 2423 lib.
806 2358 846 2423 de
863 2359 1040 2440 Mensuris,
1055 2375 1115 2423 etc.
1131 2360 1242 2446 Pomp.

178 2462 263 2526 Loeti
273 2465 404 2552 Antiqq.
421 2468 541 2529 Romen.
558 2466 717 2530 Marliam'
735 2466 776 2529 de
796 2483 862 2530 ant.
883 2468 994 2530 Romae
1012 2483 1137 2555 typogr.
1156 2466 1241 2553 Epis.

178 2567 218 2633 P.
232 2571 367 2632 Victoris
375 2570 416 2634 de
429 2572 469 2635 U.
481 2574 591 2635 Ilomae
601 2573 680 2635 locis
692 2595 728 2636 ac
742 2572 944 2661 regionibus;
956 2573 1043 2659 Epir.
1054 2571 1088 2634 in
1098 2571 1242 2661 singulos

179 2673 259 2738 Livii
278 2675 390 2740 Libros
408 2678 560 2741 attributa
572 2679 607 2742 L.
623 2679 727 2742 Floro.
745 2683 853 2765 Atque
867 2679 935 2742 haec
947 2679 1190 2767 praemittuntur
1203 2677 1242 2740 li·

178 2782 245 2847 bris
268 2786 358 2848 Livii.
383 2787 450 2850 llos
471 2788 618 2874 sequitur
639 2790 674 2851 C.
704 2788 826 2876 Sigonii
855 2788 1010 2852 Chronol.
1036 2786 1138 2851 Index
1162 2787 1242 2851 Livii

178 2891 436 2956 accuratissimus
458 2886 511 2956 ad⁸
524 2894 622 2957 libros
648 2911 680 2959 et
702 2896 814 2982 capita.
829 2895 929 2958 Wilh.
953 2892 1131 2957 Godeleooei
1145 2893 1241 2957 obss.

177 2994 281 3083 (quas
304 2997 488 3086 Bibliopolas
504 3022 564 3063 suo
582 3000 718 3063 consilio
734 2999 857 3064 additas
874 3000 1007 3089 proprio
1025 3015 1183 3063 ornarunt
1199 2999 1242 3062 ti·

179 3100 283 3188 tulo).
300 3104 493 3193 Fragmenta
508 3107 723 3170 vetustiorum
742 3106 990 3186 historicorum,
1011 3122 1071 3170 etc.
1088 3128 1171 3193 quos
1189 3106 1242 3169 Li·

178 3206 251 3270 vius
264 3225 421 3296 sequutus
438 3227 501 3292 est,
514 3227 573 3276 etc.
593 3212 725 3276 collecta
739 3235 798 3299 per
811 3213 923 3275 Franc.
938 3211 1156 3273 lir'ccobonum.
1176 3211 1242 3299 Ap·

177 3328 324 3399 paratum
359 3314 449 3378 htmc
477 3315 633 3379 claudunt
658 3318 684 3380 J.
714 3316 845 3381 Gruteri
870 3318 963 3379 Notae
986 3317 1020 3377 in
1041 3317 1079 3378 Τ.
1103 3316 1241 3379 Livium.

183 3415 310 3481 Gruteri
330 3419 364 3482 in
379 3421 526 3485 Tacitum
552 3421 714 3487 discursus
740 3421 791 3486 ed.
816 3425 847 3486 ll
869 3421 1040 3500 auctiores,
1059 3420 1138 3486 ibid.
1155 3421 1243 3511 apud

179 3526 311 3591 eosdem
330 3527 458 3593 eodem.

226 3705 319 3770 1633.
336 3708 490 3771 Amsterd.
507 3709 615 3789 in·1a,
626 3707 712 3796 apud
729 3707 814 3772 Guil.
833 3707 942 3771 Blceu.

226 3895 319 3975 1634.
331 3896 533 3960 Eizeviriomo
546 3899 580 3980 1,
602 3896 729 3962 Gruteri
737 3920 795 3962 seu
808 3898 892 3962 Dan.
903 3898 1025 3961 Heiusii
1031 3896 1152 3986 ,Lugd
1175 3900 1240 3962 Bat.

178 4002 282 4081 in·12,
298 4002 373 4066 voll.
386 4002 442 4066 ΙΙΙ.
459 4003 548 4068 Nihil
561 4004 712 4092 praefatus
727 4021 794 4084 est,
809 4027 869 4068 nec
889 4004 922 4066 in
944 4002 1145 4068 dedicatione
1157 4004 1244 4066 insti-

178 4122 288 4170 tutum
314 4111 527 4174 strationem
554 4109 670 4174 edendi
697 4110 867 4175 declaravit
889 4110 1044 4175 Heinsius.
1068 4111 1242 4175 Enimvero

177 4209 232 4274 illa
248 4209 299 4275 ed.
318 4229 366 4276 est
381 4236 468 4279 mera
483 4216 631 4306 repetitio
643 4216 781 4304 exempli
797 4215 981 4280 Gruteriaui
995 4240 1023 4279 a.
1040 4216 1122 4281 1628
1133 4266 1141 4295 ,
1154 4239 1243 4279 men-0

180 4314 228 4379 dis
243 4316 334 4379 novis
347 4336 449 4384 aucta.

229 4491 321 4570 1634.
336 4492 470 4558 Gruteri
489 4518 528 4559 ex
543 4518 663 4559 recens.
678 4496 823 4560 Francos.
839 4496 1082 4576 in-8,voll.111.
