2768 5136
282 114 326 173 ull
689 114 930 178 (lllEVERll

278 258 448 324 assurgunt
468 242 486 298 ii
505 262 645 323 quorum
665 244 755 301 anxia
779 242 940 327 diligentia
966 258 1012 302 est

280 347 341 405 vini
371 346 488 430 ingenii
515 345 629 430 frangit
658 347 862 431 caloremque
892 348 1011 433 resting

279 453 360 513 circu
379 475 428 512 res
448 452 587 514 minutus
606 453 752 515 intentio.
772 452 834 515 Sed
852 476 1012 540 pergamus

324 557 473 620 Perutilis
490 573 614 620 sancet
629 555 669 619 ad
687 573 820 645 gustum
840 557 958 621 eruditi
978 559 1012 622 le«

279 660 504 726 commodatus
529 661 594 725 hoc
618 678 731 726 nostro
759 684 827 726 aevo
850 686 920 726 mos
944 664 1012 753 vige

278 766 446 847 scribunt,
468 789 583 855 magna
607 790 684 832 cura
709 766 853 831 indicent
876 792 931 833 eos
957 769 1011 833 fon

280 895 336 935 sua
352 872 541 960 irrigavere,
560 890 592 936 et
606 888 694 952 acta,
713 889 922 938 monumenta
939 873 1012 962 publ

280 978 400 1065 quibus
416 977 564 1041 nituntur
580 978 768 1042 auctoribus
783 980 816 1042 in
832 979 957 1068 singula
975 1002 1012 1067 ap

282 1082 476 1146 existiment.
496 1083 543 1146 Eo
569 1081 606 1145 lit
631 1099 668 1146 ut
686 1083 766 1146 facta
783 1086 917 1170 posteris
935 1099 1012 1171 sem}

284 1188 414 1251 testium
432 1186 675 1274 quodammodo
691 1211 770 1252 voce
785 1188 964 1271 tradantur,
978 1205 1010 1252 et

283 1318 381 1359 manu
406 1295 655 1382 interpolatum,
674 1293 837 1376 additum,
853 1295 1012 1360 detractus

283 1402 425 1491 inspecta
443 1403 488 1466 rei
507 1403 652 1492 origine,
671 1403 773 1490 possit
790 1401 1003 1491 deprehendi.

284 1531 350 1572 non
369 1530 455 1589 esse,
472 1509 579 1571 mirari
596 1510 731 1571 tortasse
748 1526 803 1571 aut
826 1529 1012 1597 magnopen

284 1638 373 1695 mus,
392 1638 495 1702 quum
514 1615 567 1679 hic
583 1637 685 1680 mosa
700 1615 790 1679 nullo
806 1614 1013 1679 fortasseVet

284 1737 376 1784 vatus
392 1720 442 1784 sit.

328 1828 451 1888 Verum
470 1825 524 1889 ubi
545 1826 615 1913 quis
631 1827 770 1915 scriptor
785 1828 884 1890 alium
901 1827 1011 1913 queml

285 1931 384 1995 modo
398 1931 545 1994 intuetur
559 1933 684 2013 animo,
700 1932 758 1997 sed
772 1933 865 2020 plane
881 1931 1012 2018 vestigii:

284 2038 355 2100 cula
380 2035 528 2122 quaedam
552 2039 694 2126 excerpit
719 2042 759 2101 ex
786 2061 846 2118 eo,
877 2036 935 2099 sed
962 2051 1012 2098 tot

286 2142 543 2206 memorabilium
559 2144 757 2208 narrationes
774 2160 807 2206 ct
824 2143 976 2230 ingentes
992 2164 1012 2203 o

287 2249 351 2333 bit3
368 2265 438 2313 tum
454 2272 623 2313 verorum
640 2250 695 2314 cui
712 2266 839 2312 tantum
863 2247 1012 2310 debeatur

285 2356 413 2443 pellare,
430 2379 496 2418 non
512 2356 611 2419 moris
628 2353 800 2436 cujusdam
817 2369 880 2431 est,
899 2352 957 2417 sed
968 2353 1012 2434 jur

287 2486 353 2549 quo
367 2461 522 2541 jubemur
539 2485 635 2526 suurn
651 2461 772 2547 cuique
788 2459 930 2524 reddere.
953 2461 1012 2524 Hic

285 2569 425 2657 gentiam
440 2567 631 2649 desiderari,
650 2590 767 2657 negare
783 2567 916 2631 omnino
933 2590 1000 2630 non

286 2674 357 2756 111¹,
382 2675 441 2738 lv·
457 2692 490 2739 et
502 2676 545 2737 V'
561 2672 738 2738 demdibus
762 2696 781 2737 e
801 2673 935 2762 Polybio
957 2676 1000 2737 ita

286 2779 422 2843 verbum
440 2802 533 2866 paene
548 2779 650 2842 verbo
673 2776 755 2841 fidus
778 2778 932 2868 interpres
954 2776 1012 2842 red

289 2886 395 2972 pium,
408 2884 611 2974 Carthaginis
624 2884 722 2947 Novae
733 2885 1012 2974 expugnationem

288 2989 329 3054 de
342 2991 509 3079 Syphace,
526 2989 568 3052 dc
582 2989 795 3071 Hasdrubale,
818 2990 859 3054 de
878 2988 1012 3052 Hannib

288 3095 362 3160 dem
376 3096 535 3185 Scipionis
552 3112 584 3160 et
596 3097 782 3161 Hannibalis
794 3097 935 3161 alternas
952 3116 1009 3157 ora

289 3202 564 3290 Cynoscephalas,
576 3217 609 3266 et
625 3201 874 3266 innumerabilia
890 3200 967 3279 alia,
986 3219 1012 3285 qt

288 3308 345 3395 qui
361 3309 495 3398 longum
510 3296 614 3388 esset,
635 3326 668 3373 et
684 3325 837 3397 praeterea
854 3326 1009 3393 supervac

289 3414 427 3502 quisque
439 3415 529 3479 nullo
545 3415 676 3504 negotio
696 3414 799 3502 possit
816 3435 856 3476 ex
873 3412 1012 3499 utriusqt

290 3543 324 3583 se
339 3520 407 3608 ipse
420 3521 585 3610 inspicere.
600 3521 669 3584 Nec
683 3518 822 3582 dubium
835 3534 900 3598 est,
920 3517 999 3604 quin

290 3623 395 3690 didem
414 3625 584 3714 desumpta
609 3648 669 3689 nos
694 3623 768 3688 ideo
793 3624 924 3702 fallant,
942 3646 1012 3709 quo

288 3731 381 3821 longe
406 3733 538 3796 minima
559 3755 630 3818 pars
655 3729 696 3791 nd
720 3753 778 3791 nos
803 3728 994 3816 peruenerit.

287 3838 387 3926 possit
403 3839 513 3902 Livius
536 3858 606 3900 eam
632 3834 740 3922 operis
765 3836 813 3898 sui
839 3851 963 3920 partem
988 3855 1009 3919 q
