2768 5136
46 44 122 102 (lato
147 66 206 128 pro
230 43 298 128 lege
319 43 422 129 Oppia
441 44 590 107 adversus
611 71 637 108 m

46 180 56 197 «
73 148 197 233 inquit,
214 150 322 208 frenos
340 151 507 234 impotenti
525 170 637 216 natura

46 272 195 337 «sperate
214 254 295 338 ipsas
316 254 448 316 modum
466 259 600 321 licentiae
620 261 637 321 f:

49 358 121 419 llufe
135 360 255 418 ironice
269 360 450 446 accipienda
464 380 549 425 sunt.
564 365 635 427 Eod

45 462 135 543 date,
158 462 191 524 id
219 480 282 542 est,
308 465 424 546 laxate,
435 464 552 550 frenos
573 472 637 557 imp

45 590 112 654 quo
127 567 233 632 dicere
248 573 421 657 potuisset,
440 577 470 636 si
482 574 637 641 laxaverit

26 702 28 707 ·
45 674 158 739 Clerici
173 690 281 741 notam
296 677 521 766 inspiciamus,
536 704 608 768 quae
626 706 637 746 t

44 795 113 845 mte
124 782 218 868 ursas.
233 783 384 865 «Sensus,
398 786 515 873 inquit,
527 789 637 853 ostend

43 883 309 975 «legendumque
337 913 393 954 nec
414 905 552 979 sperate;
571 912 628 958 aut

43 992 192 1056 «sublata
208 995 397 1083 negatione,
413 1001 455 1077 si,
475 999 565 1084 quod
588 999 637 1064 du·

43 1097 95 1161 vix
110 1096 249 1162 dubitari
266 1116 389 1188 potest,
408 1103 486 1189 quin
502 1110 535 1163 τὰ
552 1106 637 1193 date·

44 1224 113 1290 guae
137 1202 345 1289 intellexerit,
367 1206 487 1272 donnez
505 1233 548 1273 un
559 1209 637 1295 freis

29 1306 144 1392 frenos
156 1310 283 1398 injicite.
300 1314 409 1400 Atque
427 1298 492 1379 hoc
509 1314 637 1403 quidem

43 1431 127 1479 esset
144 1416 296 1481 alterutra
317 1441 429 1482 earum
450 1443 524 1508 quae
549 1421 590 1483 ab
616 1421 637 1510 il

43 1544 133 1587 num.
165 1523 228 1588 Sed
249 1526 368 1589 mirum
390 1550 467 1592 sane
492 1544 556 1607 est,
579 1530 637 1592 vin

42 1627 100 1714 qui
117 1644 182 1692 tam
203 1631 303 1694 multa
320 1631 451 1720 legerit,
468 1633 503 1696 in
522 1633 604 1696 tritae
620 1657 637 1697 a

43 1732 171 1822 ligentia
184 1735 312 1824 lapsum
328 1760 408 1802 esse.

85 1838 197 1904 Finem
216 1841 270 1904 hic
283 1843 616 1913 animadversionibus
630 1873 637 1913 ι

40 1967 136 2030 quam
153 1961 261 2010 tamen
272 1948 452 2029 jocularem
466 1952 500 2015 in
517 1976 551 2018 re
568 1979 637 2020 omn

40 2049 184 2129 ejusdem
206 2076 349 2118 errorem
369 2057 607 2125 exhibuerimus
627 2064 638 2126 l

39 2177 166 2223 summa
187 2159 315 2246 argenti
338 2162 379 2225 ab
403 2162 527 2253 Papirio
550 2190 637 2232 const

39 2261 130 2326 sicin
143 2263 298 2328 omnibus
310 2265 502 2334 editionibus
513 2289 637 2338 notatur
