2768 5136
122 745 169 836 ‚l
528 739 779 811 centenis

121 864 356 959 promovendas
376 866 576 937 voluntatem
594 865 812 948 laudavimus,
831 866 914 931 Cirr.
941 868 1074 934 Sallerio
1091 893 1183 935 oom-

122 973 284 1039 nodam
295 994 303 1036 ε
316 988 490 1061 utramque
501 973 615 1037 utilem
623 973 704 1037 Livii
714 973 892 1061 interpreti.
907 973 965 1038 Est
975 989 1081 1039 tamen
1094 976 1182 1041 unde

122 1079 277 1168 Cnmpani
292 1079 393 1142 levior
409 1077 496 1168 apud
515 1077 645 1145 aosliat
660 1080 849 1162 auctoritas,
864 1081 920 1168 qui
938 1104 1041 1169 quum
1059 1084 1182 1171 aliquot

122 1189 216 1253 laur.
224 1186 321 1250 Valle
329 1186 529 1266 conjecturas
539 1185 716 1251 adsciscere
727 1210 795 1251 nou
807 1185 1016 1269 dubitaverit,
1025 1211 1083 1277 per
1092 1189 1182 1255 huuc

121 1293 246 1358 allitum
254 1292 368 1356 fucum
378 1313 455 1356 vero
471 1314 602 1380 quoque
612 1280 799 1382 et·genuino
809 1293 911 1357 colori
921 1291 1018 1357 fidem
1030 1293 1179 1384 dempsit.

161 1397 227 1464 Sed
242 1415 276 1462 et
289 1398 365 1462 elias
382 1420 514 1486 quoque
530 1398 655 1463 nonita
670 1399 755 1463 fama
769 1398 957 1482 celebratas,
975 1401 1072 1488 paulo
1086 1418 1180 1465 retu·

120 1504 235 1569 stiores
250 1519 357 1567 tanen
368 1503 526 1568 editiones
542 1503 700 1592 inspicere
716 1527 784 1568 non
799 1505 1018 1593 negleximus:
1036 1529 1096 1570 nec
1111 1509 1180 1570 sine

119 1610 362 1698 nb'quofructu.
376 1611 449 1673 Hoc
460 1610 548 1673 enim
562 1632 647 1697 saepe
660 1610 821 1699 contingit
832 1633 891 1698 per
899 1632 1014 1674 eorum
1024 1612 1180 1677 incuriam

119 1717 180 1805 qui·
190 1739 305 1780 norem
314 1715 486 1798 cujuslibet
495 1717 660 1804 scriptoris
674 1716 850 1780 editionem
863 1717 1099 1806 procurandam
1111 1741 1181 1783 sus-

117 1822 376 1911 cipiunt,·utquae
385 1823 484 1887 semel
493 1822 651 1910 irrepsere
658 1821 951 1911 mendanunquam
961 1825 1180 1905 eliminentur,

117 1926 430 2017 rodperoomplures
439 1925 592 2016 deinceps
600 1925 874 2015 editiones,quasi
880 1929 987 1992 locum
995 1951 1070 1993 eum
1080 1952 1179 2017 quem

116 2035 214 2100 semel
222 2033 394 2123 possedere
405 2057 468 2098 usu
479 2034 641 2122 ceperint,
651 2051 811 2123 perpetuo
822 2051 934 2100 tenore
942 2054 1177 2126 propagentur:

116 2140 197 2228 quin
213 2155 245 2203 et
259 2157 382 2204 veteres
399 2140 530 2203 maculae
547 2140 638 2204 noris
655 2141 787 2228 insuper
802 2142 1020 2206 cumulantur.
1034 2141 1128 2205 Unde
1143 2142 1180 2206 fit

115 2263 154 2311 ut
167 2262 317 2334 corrupte
331 2245 467 2309 omuino
480 2243 722 2334 deformemque
736 2248 928 2336 exemplaria
940 2249 978 2311 in·
988 2271 1103 2312 manus
1117 2249 1178 2313 ho·

115 2351 240 2415 minum
257 2352 398 2415 veniant.
417 2350 469 2414 Sic
483 2373 555 2437 quse
571 2369 747 2416 occurrunt
764 2354 801 2416 in
815 2353 1020 2418 Gronoviana
1035 2353 1177 2419 editione

114 2456 247 2532 menda,
264 2456 376 2522 eadem
393 2457 461 2519 fere
475 2478 633 2520 novorum
650 2457 868 2544 quorumdam
885 2460 1068 2524 accessione
1084 2477 1176 2524 aucta

113 2567 147 2629 in
163 2565 306 2646 Dujatii,
318 2565 351 2627 in
366 2550 564 2639 Tillemonii‚
582 2565 615 2627 in
631 2566 743 2629 Clerici
759 2563 956 2629 editionibus
973 2566 1174 2632 exhibentur.

112 2672 184 2735 Hoc
202 2694 244 2734 ne
261 2670 357 2735 nobis
374 2693 508 2757 quoque
523 2693 586 2734 usu
598 2671 740 2750 reniret,
756 2669 954 2756 antiquiores
971 2670 1176 2736 Gronovinna

112 2776 271 2842 editiones
298 2776 393 2840 nobis
419 2774 638 2840 consulendas·
656 2799 725 2841 esse
752 2775 1023 2856 existimavimus,
1051 2777 1175 2843 felicius

112 2882 221 2947 adhuc
236 2883 371 2947 fortasse
386 2904 456 2946 rem
471 2883 610 2971 gesturi,
628 2883 778 2970 siplures
795 2881 935 2946 nancisci
950 2898 983 2945 et
996 2883 1174 2971 expendere

111 2990 264 3054 licuisset.

156 3095 214 3159 His
227 3095 327 3183 igitur
342 3095 492 3158 instructi
504 3093 659 3182 presidiis
675 3093 716 3158 ad
732 3093 856 3157 Livium
868 3094 1047 3158 accuratius
1062 3117 1174 3157 emen·

109 3199 253 3266 dandum
270 3223 331 3272 nos
352 3200 566 3281 accinximus,
586 3222 652 3263 non
673 3215 710 3263 ut
726 3215 890 3263 certamen-
908 3199 1002 3262 nobis
1021 3197 1154 3263 adversa

111 3305 313 3371 Gmnorium
344 3298 441 3393 prava
474 3305 678 3370 emulatione
708 3328 928 3386 sumeremus,
958 3306 1051 3385 cujus
1081 3328 1136 3391 seq

106 3412 243 3501 vestigia·
255 3410 343 3475 laudi
356 3411 522 3492 ducimus,
537 3433 634 3498 quem
648 3411 750 3499 palam
765 3411 956 3500 profitemur
968 3409 1091 3496 ubique
1105 3412 1121 3472 f

108 3519 202 3583 nobis
223 3517 340 3581 ducem
360 3539 397 3579 ac
419 3517 520 3580 facem
540 3517 649 3581 fuisse.
671 3516 734 3581 Sed
755 3517 783 3580 si
800 3540 874 3603 quse
889 3516 942 3579 ille
958 3530 1015 3579 aut
1034 3529 1099 3577 tent

106 3623 280 3704 sudacius,
298 3638 356 3686 aut
371 3637 485 3685 eontra
502 3645 560 3709 per
577 3622 708 3686 nimiam
732 3623 915 3686 cautionem
933 3622 1075 3684 incurate

106 3749 236 3821 querat,
250 3753 354 3818 quum
369 3746 455 3793 certa
471 3731 500 3794 ei
514 3730 737 3795 etindubitata
752 3731 895 3795 remedie
910 3730 983 3794 libri
996 3731 1068 3794 osset

107 3839 133 3902 si
146 3860 209 3925 qua
223 3835 363 3922 denique
378 3858 469 3917 eum,
486 3852 523 3899 ut
535 3837 700 3901 hominem
714 3837 882 3925 multiplici
891 3837 1048 3900 variarum
1060 3861 1069 3899 1

105 3941 301 4031 cogitatione
317 3939 515 4022 districtum,
534 3943 732 4031 ellingerum,
749 3965 785 4004 ea
802 3943 845 4005 ita
861 3943 988 4030 explere
1007 3957 1039 4004 et

104 4071 182 4112 nare
198 4047 305 4110 conati
324 4069 453 4127 sumus,
473 4064 512 4111 ut
532 4047 733 4113 confidamus
750 4047 840 4111 hunc
857 4071 954 4135 quem
973 4047 1033 4112 lect

104 4154 212 4219 dimus
245 4153 325 4216 Livii
355 4168 476 4217 textum
507 4155 578 4241 ipso
605 4153 819 4219 Gronotiano
846 4153 1017 4217 emendatis

101 4259 336 4324 defecationem
350 4260 429 4323 fote.
447 4260 547 4340 Cujus
559 4276 667 4323 tamen
681 4257 784 4323 laudis
801 4281 916 4345 magna
933 4281 998 4344 par!

101 4367 237 4430 notium
251 4364 350 4444 redit,
366 4387 468 4452 quum
480 4364 521 4427 ad
533 4388 568 4428 ea
581 4389 652 4451 quae
666 4366 882 4442 correximus,
896 4365 982 4425 non*

102 4471 347 4535 adhibuerimus
364 4493 436 4558 quae
453 4470 547 4533 nobis
563 4470 753 4556 parabamus
771 4469 850 4555 ipsi,
869 4466 925 4530 sed
944 4494 959 4530 r

98 4578 239 4665 plurima
255 4601 326 4666 qnae
343 4575 608 4640 subministrabat
624 4576 675 4639 ille
689 4573 893 4639 documenta.
